{"id":"gen9vgc2023regulationc-1857188676","p1":"trzito","p2":"afasgjnsg","format":"[Gen 9] VGC 2023 Regulation C","log":"|j|\u2606trzito\n|j|\u2606afasgjnsg\n|t:|1683155737\n|gametype|doubles\n|player|p1|trzito|1|1043\n|player|p2|afasgjnsg|rosa|1123\n|teamsize|p1|6\n|teamsize|p2|6\n|gen|9\n|tier|[Gen 9] VGC 2023 Regulation C\n|rated|\n|rule|Species Clause: Limit one of each Pok\u00e9mon\n|rule|Item Clause: Limit one of each item\n|clearpoke\n|poke|p1|Glimmora, L50, M|\n|poke|p1|Weavile, L50, M|\n|poke|p1|Arboliva, L50, F|\n|poke|p1|Great Tusk, L50|\n|poke|p1|Drednaw, L50, M|\n|poke|p1|Gholdengo, L50|\n|poke|p2|Torkoal, L50, M|\n|poke|p2|Jumpluff, L50, M|\n|poke|p2|Great Tusk, L50|\n|poke|p2|Glimmora, L50, M|\n|poke|p2|Gastrodon-East, L50, F|\n|poke|p2|Flutter Mane, L50|\n|teampreview|4\n|inactive|Battle timer is ON: inactive players will automatically lose when time's up. (requested by afasgjnsg)\ntrzito has agreed to open team sheets.\n|inactive|afasgjnsg has 60 seconds left.\n|\n|t:|1683155779\n|start\n|switch|p1a: Cooper|Glimmora, L50, M|100\/100\n|switch|p1b: Tortle|Drednaw, L50, M|100\/100\n|switch|p2a: Glimmora|Glimmora, L50, M|100\/100\n|switch|p2b: Flutter Mane|Flutter Mane, L50|100\/100\n|turn|1\n|\n|t:|1683155795\n|switch|p2a: Gastrodon|Gastrodon-East, L50, F|100\/100\n|move|p2b: Flutter Mane|Shadow Ball|p1a: Cooper\n|-damage|p1a: Cooper|37\/100\n|-damage|p2b: Flutter Mane|91\/100|[from] item: Life Orb\n|move|p1a: Cooper|Mortal Spin|p2a: Gastrodon|[spread] p2a,p2b\n|-resisted|p2a: Gastrodon\n|-damage|p2a: Gastrodon|99\/100\n|-damage|p2b: Flutter Mane|82\/100\n|-status|p2a: Gastrodon|psn\n|-status|p2b: Flutter Mane|psn\n|move|p1b: Tortle|Shell Smash|p1b: Tortle\n|-unboost|p1b: Tortle|def|1\n|-unboost|p1b: Tortle|spd|1\n|-boost|p1b: Tortle|atk|2\n|-boost|p1b: Tortle|spa|2\n|-boost|p1b: Tortle|spe|2\n|-enditem|p1b: Tortle|White Herb\n|-clearnegativeboost|p1b: Tortle|[silent]\n|\n|-heal|p2a: Gastrodon|100\/100 psn|[from] item: Leftovers\n|-damage|p2b: Flutter Mane|70\/100 psn|[from] psn\n|-damage|p2a: Gastrodon|88\/100 psn|[from] psn\n|upkeep\n|turn|2\n|inactive|trzito has 30 seconds left.\n|inactive|afasgjnsg has 30 seconds left.\n|inactive|trzito has 20 seconds left.\n|inactive|trzito has 15 seconds left.\n|\n|t:|1683155836\n|move|p2b: Flutter Mane|Protect|p2b: Flutter Mane\n|-singleturn|p2b: Flutter Mane|Protect\n|move|p1b: Tortle|Liquidation|p2a: Gastrodon\n|-activate|p2a: Gastrodon|ability: Storm Drain\n|-ability|p2a: Gastrodon|Storm Drain|boost\n|-boost|p2a: Gastrodon|spa|1\n|move|p1a: Cooper|Toxic Spikes|p2b: Flutter Mane\n|-sidestart|p2: afasgjnsg|move: Toxic Spikes\n|move|p2a: Gastrodon|Clear Smog|p1b: Tortle\n|-resisted|p1b: Tortle\n|-damage|p1b: Tortle|87\/100\n|-clearboost|p1b: Tortle\n|\n|-heal|p2a: Gastrodon|94\/100 psn|[from] item: Leftovers\n|-damage|p2b: Flutter Mane|59\/100 psn|[from] psn\n|-damage|p2a: Gastrodon|82\/100 psn|[from] psn\n|upkeep\n|turn|3\n|inactive|trzito has 30 seconds left.\n|\n|t:|1683155862\n|move|p1a: Cooper|Spiky Shield|p1a: Cooper\n|-singleturn|p1a: Cooper|move: Protect\n|move|p2b: Flutter Mane|Shadow Ball|p1b: Tortle\n|-damage|p1b: Tortle|0 fnt\n|faint|p1b: Tortle\n|-damage|p2b: Flutter Mane|49\/100 psn|[from] item: Life Orb\n|move|p2a: Gastrodon|Earth Power|p1a: Cooper\n|-activate|p1a: Cooper|move: Protect\n|\n|-heal|p2a: Gastrodon|88\/100 psn|[from] item: Leftovers\n|-damage|p2b: Flutter Mane|37\/100 psn|[from] psn\n|-damage|p2a: Gastrodon|76\/100 psn|[from] psn\n|upkeep\n|\n|t:|1683155876\n|switch|p1b: Olive|Arboliva, L50, F, shiny|100\/100\n|turn|4\n|\n|t:|1683155893\n|switch|p1a: Kuzco|Weavile, L50, M|100\/100\n|-ability|p1a: Kuzco|Pressure\n|move|p2b: Flutter Mane|Shadow Ball|p1b: Olive\n|-immune|p1b: Olive\n|move|p2a: Gastrodon|Earth Power|p1a: Kuzco\n|-damage|p1a: Kuzco|29\/100\n|move|p1b: Olive|Leech Seed|p2b: Flutter Mane|[miss]\n|-miss|p1b: Olive|p2b: Flutter Mane\n|\n|-heal|p2a: Gastrodon|82\/100 psn|[from] item: Leftovers\n|-damage|p2b: Flutter Mane|25\/100 psn|[from] psn\n|-damage|p2a: Gastrodon|69\/100 psn|[from] psn\n|upkeep\n|turn|5\n|inactive|trzito has 30 seconds left.\n|\n|t:|1683155921\n|move|p1a: Kuzco|Ice Shard|p2b: Flutter Mane\n|-damage|p2b: Flutter Mane|0 fnt\n|faint|p2b: Flutter Mane\n|-end|p2b: Flutter Mane|Protosynthesis|[silent]\n|move|p2a: Gastrodon|Clear Smog|p1b: Olive\n|-supereffective|p1b: Olive\n|-damage|p1b: Olive|69\/100\n|-clearboost|p1b: Olive\n|move|p1b: Olive|Leech Seed|p2a: Gastrodon\n|-start|p2a: Gastrodon|move: Leech Seed\n|\n|-heal|p2a: Gastrodon|76\/100 psn|[from] item: Leftovers\n|-damage|p2a: Gastrodon|63\/100 psn|[from] Leech Seed|[of] p1b: Olive\n|-heal|p1b: Olive|83\/100|[silent]\n|-damage|p2a: Gastrodon|51\/100 psn|[from] psn\n|upkeep\n|\n|t:|1683155933\n|switch|p2b: Glimmora|Glimmora, L50, M|100\/100\n|-sideend|p2: afasgjnsg|move: Toxic Spikes|[of] p2b: Glimmora\n|turn|6\n|inactive|trzito has 30 seconds left.\n|\n|t:|1683155962\n|switch|p2a: Great Tusk|Great Tusk, L50|100\/100\n|move|p1a: Kuzco|Brick Break|p2b: Glimmora\n|-damage|p2b: Glimmora|68\/100\n|-activate|p2b: Glimmora|ability: Toxic Debris\n|-sidestart|p1: trzito|move: Toxic Spikes\n|move|p2b: Glimmora|Mortal Spin|p1a: Kuzco|[spread] p1a,p1b\n|-supereffective|p1b: Olive\n|-damage|p1a: Kuzco|21\/100\n|-damage|p1b: Olive|72\/100\n|-status|p1a: Kuzco|psn\n|-status|p1b: Olive|psn\n|move|p1b: Olive|Substitute|p1b: Olive\n|-start|p1b: Olive|Substitute\n|-damage|p1b: Olive|48\/100 psn\n|-enditem|p1b: Olive|Sitrus Berry|[eat]\n|-heal|p1b: Olive|72\/100 psn|[from] item: Sitrus Berry\n|\n|-damage|p1a: Kuzco|9\/100 psn|[from] psn\n|-damage|p1b: Olive|60\/100 psn|[from] psn\n|-item|p1b: Olive|Sitrus Berry|[from] ability: Harvest\n|upkeep\n|turn|7\n|inactive|trzito has 30 seconds left.\n|inactive|afasgjnsg has 30 seconds left.\n|inactive|trzito has 20 seconds left.\n|\n|t:|1683156001\n|-end|p2a: Great Tusk|Protosynthesis|[silent]\n|switch|p2a: Gastrodon|Gastrodon-East, L50, F|51\/100 psn\n|move|p2b: Glimmora|Spiky Shield|p2b: Glimmora\n|-singleturn|p2b: Glimmora|move: Protect\n|move|p1a: Kuzco|Ice Spinner|p2a: Gastrodon\n|-crit|p2a: Gastrodon\n|-damage|p2a: Gastrodon|0 fnt\n|faint|p2a: Gastrodon\n|move|p1b: Olive|Leech Seed|p2b: Glimmora\n|-activate|p2b: Glimmora|move: Protect\n|\n|-damage|p1a: Kuzco|0 fnt|[from] psn\n|faint|p1a: Kuzco\n|-damage|p1b: Olive|48\/100 psn|[from] psn\n|upkeep\n|-enditem|p1b: Olive|Sitrus Berry|[eat]\n|-heal|p1b: Olive|72\/100 psn|[from] item: Sitrus Berry\n|inactive|afasgjnsg has 30 seconds left.\n|inactive|afasgjnsg has 20 seconds left.\n|inactive|afasgjnsg has 15 seconds left.\n|\n|t:|1683156044\n|switch|p1a: Cooper|Glimmora, L50, M|37\/100\n|switch|p2a: Great Tusk|Great Tusk, L50|100\/100\n|-sideend|p1: trzito|move: Toxic Spikes|[of] p1a: Cooper\n|turn|8\n|\n|t:|1683156066\n|move|p1a: Cooper|Mortal Spin|p2b: Glimmora|[spread] p2a,p2b\n|-resisted|p2a: Great Tusk\n|-resisted|p2b: Glimmora\n|-damage|p2a: Great Tusk|99\/100\n|-damage|p2b: Glimmora|67\/100\n|-status|p2a: Great Tusk|psn\n|-status|p2b: Glimmora|psn\n|-activate|p2b: Glimmora|ability: Toxic Debris\n|-sidestart|p1: trzito|move: Toxic Spikes\n|-sideend|p1: trzito|Toxic Spikes|[from] move: Mortal Spin|[of] p1a: Cooper\n|move|p2b: Glimmora|Mortal Spin|p1b: Olive|[spread] p1a,p1b\n|-supereffective|p1b: Olive\n|-activate|p1b: Olive|move: Substitute|[damage]\n|-resisted|p1a: Cooper\n|-damage|p1a: Cooper|36\/100\n|move|p2a: Great Tusk|Headlong Rush|p1a: Cooper\n|-supereffective|p1a: Cooper\n|-damage|p1a: Cooper|0 fnt\n|-unboost|p2a: Great Tusk|def|1\n|-unboost|p2a: Great Tusk|spd|1\n|faint|p1a: Cooper\n|move|p1b: Olive|Leech Seed|p2a: Great Tusk\n|-start|p2a: Great Tusk|move: Leech Seed\n|\n|-damage|p2a: Great Tusk|87\/100 psn|[from] Leech Seed|[of] p1b: Olive\n|-heal|p1b: Olive|86\/100 psn|[silent]\n|-damage|p2b: Glimmora|55\/100 psn|[from] psn\n|-damage|p2a: Great Tusk|75\/100 psn|[from] psn\n|-damage|p1b: Olive|73\/100 psn|[from] psn\n|-item|p1b: Olive|Sitrus Berry|[from] ability: Harvest\n|upkeep\n|turn|9\n|inactive|trzito has 30 seconds left.\n|inactive|afasgjnsg has 30 seconds left.\n|inactive|trzito has 20 seconds left.\n|\n|t:|1683156101\n|-terastallize|p2a: Great Tusk|Steel\n|-terastallize|p1b: Olive|Water\n|move|p2b: Glimmora|Mortal Spin|p1b: Olive\n|-activate|p1b: Olive|move: Substitute|[damage]\n|move|p2a: Great Tusk|Ice Spinner|p1b: Olive\n|-resisted|p1b: Olive\n|-end|p1b: Olive|Substitute\n|move|p1b: Olive|Leech Seed|p2b: Glimmora\n|-start|p2b: Glimmora|move: Leech Seed\n|\n|-damage|p2b: Glimmora|43\/100 psn|[from] Leech Seed|[of] p1b: Olive\n|-heal|p1b: Olive|84\/100 psn|[silent]\n|-damage|p2a: Great Tusk|63\/100 psn|[from] Leech Seed|[of] p1b: Olive\n|-heal|p1b: Olive|97\/100 psn|[silent]\n|-damage|p2b: Glimmora|31\/100 psn|[from] psn\n|-damage|p2a: Great Tusk|51\/100 psn|[from] psn\n|-damage|p1b: Olive|85\/100 psn|[from] psn\n|upkeep\n|turn|10\n|inactive|afasgjnsg has 30 seconds left.\n|\n|t:|1683156130\n|move|p2b: Glimmora|Energy Ball|p1b: Olive\n|-supereffective|p1b: Olive\n|-damage|p1b: Olive|34\/100 psn\n|-unboost|p1b: Olive|spd|1\n|-enditem|p1b: Olive|Sitrus Berry|[eat]\n|-heal|p1b: Olive|59\/100 psn|[from] item: Sitrus Berry\n|move|p2a: Great Tusk|Headlong Rush|p1b: Olive\n|-damage|p1b: Olive|0 fnt\n|-unboost|p2a: Great Tusk|def|1\n|-unboost|p2a: Great Tusk|spd|1\n|faint|p1b: Olive\n|\n|win|afasgjnsg\n|raw|trzito's rating: 1043 → 1030<\/strong> (-13 for losing)\n|raw|afasgjnsg's rating: 1123 → 1142<\/strong> (+19 for winning)\n","uploadtime":1683156141,"views":7,"p1id":"trzito","p2id":"afasgjnsg","formatid":"gen9vgc2023regulationc","rating":1030,"private":0,"password":""}