{"id":"gen9vgc2023regulationc-1851386023","p1":"Mrkoklock","p2":"tukeydukey","format":"[Gen 9] VGC 2023 Regulation C","log":"|j|\u2606Mrkoklock\n|j|\u2606tukeydukey\n|t:|1682440931\n|gametype|doubles\n|player|p1|Mrkoklock|clerkf|1217\n|player|p2|tukeydukey|elesa|1235\n|teamsize|p1|6\n|teamsize|p2|6\n|gen|9\n|tier|[Gen 9] VGC 2023 Regulation C\n|rated|\n|rule|Species Clause: Limit one of each Pok\u00e9mon\n|rule|Item Clause: Limit one of each item\n|clearpoke\n|poke|p1|Volcarona, L50, F|\n|poke|p1|Oricorio-Pom-Pom, L50, M|\n|poke|p1|Armarouge, L50, F|\n|poke|p1|Meowscarada, L50, F|\n|poke|p1|Indeedee-F, L50, F|\n|poke|p1|Garchomp, L50, F|\n|poke|p2|Pelipper, L50, M|\n|poke|p2|Palafin, L50, F|\n|poke|p2|Glimmora, L50, M|\n|poke|p2|Wo-Chien, L50|\n|poke|p2|Flutter Mane, L50|\n|poke|p2|Iron Hands, L50|\n|teampreview|4\n|inactive|Battle timer is ON: inactive players will automatically lose when time's up. (requested by Mrkoklock)\nMrkoklock rejected open team sheets.\n|inactive|tukeydukey has 60 seconds left.\n|\n|t:|1682440965\n|start\n|switch|p1a: Volcarona|Volcarona, L50, F|100\/100\n|switch|p1b: Oricorio|Oricorio-Pom-Pom, L50, M|100\/100\n|switch|p2a: Iron Hands|Iron Hands, L50|100\/100\n|switch|p2b: Palafin|Palafin, L50, F|100\/100\n|turn|1\n|\n|t:|1682440987\n|detailschange|p2b: Palafin|Palafin-Hero, L50, F\n|switch|p2b: Pelipper|Pelipper, L50, M|100\/100\n|-weather|RainDance|[from] ability: Drizzle|[of] p2b: Pelipper\n|move|p1a: Volcarona|Protect|p1a: Volcarona\n|-singleturn|p1a: Volcarona|Protect\n|move|p2a: Iron Hands|Fake Out|p1a: Volcarona\n|-activate|p1a: Volcarona|move: Protect\n|move|p1b: Oricorio|Revelation Dance|p2b: Pelipper\n|-supereffective|p2b: Pelipper\n|-damage|p2b: Pelipper|0 fnt\n|faint|p2b: Pelipper\n|\n|-weather|RainDance|[upkeep]\n|upkeep\n|\n|t:|1682440993\n|switch|p2b: Flutter Mane|Flutter Mane, L50|100\/100\n|-enditem|p2b: Flutter Mane|Booster Energy\n|-activate|p2b: Flutter Mane|ability: Protosynthesis|[fromitem]\n|-start|p2b: Flutter Mane|protosynthesisspe\n|turn|2\n|\n|t:|1682441012\n|move|p1b: Oricorio|Protect|p1b: Oricorio\n|-singleturn|p1b: Oricorio|Protect\n|move|p2b: Flutter Mane|Icy Wind|p1b: Oricorio|[spread] p1a\n|-activate|p1b: Oricorio|move: Protect\n|-resisted|p1a: Volcarona\n|-damage|p1a: Volcarona|94\/100\n|-unboost|p1a: Volcarona|spe|1\n|move|p1a: Volcarona|Quiver Dance|p1a: Volcarona\n|-boost|p1a: Volcarona|spa|1\n|-boost|p1a: Volcarona|spd|1\n|-boost|p1a: Volcarona|spe|1\n|-activate|p1b: Oricorio|ability: Dancer\n|move|p1b: Oricorio|Quiver Dance|p1b: Oricorio|[from]ability: Dancer\n|-boost|p1b: Oricorio|spa|1\n|-boost|p1b: Oricorio|spd|1\n|-boost|p1b: Oricorio|spe|1\n|move|p2a: Iron Hands|Wild Charge|p1b: Oricorio\n|-activate|p1b: Oricorio|move: Protect\n|\n|-weather|RainDance|[upkeep]\n|upkeep\n|turn|3\n|inactive|Mrkoklock has 30 seconds left.\n|\n|t:|1682441043\n|move|p2b: Flutter Mane|Icy Wind|p1a: Volcarona|[spread] p1a,p1b\n|-resisted|p1a: Volcarona\n|-supereffective|p1b: Oricorio\n|-damage|p1a: Volcarona|89\/100\n|-damage|p1b: Oricorio|76\/100\n|-unboost|p1a: Volcarona|spe|1\n|-unboost|p1b: Oricorio|spe|1\n|move|p1b: Oricorio|Icy Wind|p2b: Flutter Mane|[spread] p2a,p2b\n|-damage|p2a: Iron Hands|92\/100\n|-damage|p2b: Flutter Mane|83\/100\n|-unboost|p2a: Iron Hands|spe|1\n|-unboost|p2b: Flutter Mane|spe|1\n|move|p1a: Volcarona|Fiery Dance|p2a: Iron Hands\n|-damage|p2a: Iron Hands|74\/100\n|-boost|p1a: Volcarona|spa|1\n|-activate|p1b: Oricorio|ability: Dancer\n|move|p1b: Oricorio|Fiery Dance|p2a: Iron Hands|[from]ability: Dancer\n|-damage|p2a: Iron Hands|65\/100\n|-boost|p1b: Oricorio|spa|1\n|move|p2a: Iron Hands|Wild Charge|p1b: Oricorio\n|-damage|p1b: Oricorio|0 fnt\n|faint|p1b: Oricorio\n|-damage|p2a: Iron Hands|54\/100|[from] Recoil\n|\n|-weather|RainDance|[upkeep]\n|upkeep\n|\n|t:|1682441066\n|switch|p1b: Vorkath|Garchomp, L50, F|100\/100\n|turn|4\n|inactive|tukeydukey has 30 seconds left.\n|\n|t:|1682441099\n|-end|p2a: Iron Hands|Quark Drive|[silent]\n|switch|p2a: Palafin|Palafin-Hero, L50, F|100\/100\n|-activate|p2a: Palafin|ability: Zero to Hero\n|-terastallize|p2b: Flutter Mane|Fairy\n|-terastallize|p1b: Vorkath|Steel\n|move|p1a: Volcarona|Protect|p1a: Volcarona\n|-singleturn|p1a: Volcarona|Protect\n|move|p2b: Flutter Mane|Moonblast|p1b: Vorkath\n|-resisted|p1b: Vorkath\n|-damage|p1b: Vorkath|63\/100\n|move|p1b: Vorkath|Earthquake|p2a: Palafin|[spread] p2a,p2b\n|-activate|p1a: Volcarona|move: Protect\n|-damage|p2a: Palafin|69\/100\n|-damage|p2b: Flutter Mane|30\/100\n|\n|-weather|RainDance|[upkeep]\n|upkeep\n|turn|5\n|inactive|Mrkoklock has 30 seconds left.\n|\n|t:|1682441129\n|move|p2a: Palafin|Jet Punch|p1a: Volcarona\n|-supereffective|p1a: Volcarona\n|-damage|p1a: Volcarona|0 fnt\n|faint|p1a: Volcarona\n|move|p2b: Flutter Mane|Shadow Ball|p1b: Vorkath\n|-damage|p1b: Vorkath|19\/100\n|move|p1b: Vorkath|Rock Slide|p2a: Palafin|[spread] p2b\n|-miss|p1b: Vorkath|p2a: Palafin\n|-damage|p2b: Flutter Mane|5\/100\n|\n|-weather|RainDance|[upkeep]\n|upkeep\n|\n|t:|1682441139\n|switch|p1a: Meowscarada|Meowscarada, L50, F|100\/100\n|turn|6\n|\n|t:|1682441148\n|move|p2a: Palafin|Protect|p2a: Palafin\n|-singleturn|p2a: Palafin|Protect\n|move|p1a: Meowscarada|Flower Trick|p2a: Palafin\n|-start|p1a: Meowscarada|typechange|Grass|[from] ability: Protean\n|-activate|p2a: Palafin|move: Protect\n|move|p2b: Flutter Mane|Moonblast|p1a: Meowscarada\n|-damage|p1a: Meowscarada|16\/100\n|-unboost|p1a: Meowscarada|spa|1\n|move|p1b: Vorkath|Rock Slide|p2b: Flutter Mane|[spread] p2b\n|-activate|p2a: Palafin|move: Protect\n|-damage|p2b: Flutter Mane|0 fnt\n|faint|p2b: Flutter Mane\n|-end|p2b: Flutter Mane|Protosynthesis|[silent]\n|\n|-weather|RainDance|[upkeep]\n|upkeep\n|\n|t:|1682441163\n|switch|p2b: Iron Hands|Iron Hands, L50|54\/100\n|turn|7\n|\n|t:|1682441172\n|move|p2b: Iron Hands|Fake Out|p1a: Meowscarada\n|-damage|p1a: Meowscarada|0 fnt\n|faint|p1a: Meowscarada\n|move|p2a: Palafin|Jet Punch|p1b: Vorkath\n|-damage|p1b: Vorkath|0 fnt\n|-damage|p2a: Palafin|57\/100|[from] ability: Rough Skin|[of] p1b: Vorkath\n|-damage|p2a: Palafin|40\/100|[from] item: Rocky Helmet|[of] p1b: Vorkath\n|faint|p1b: Vorkath\n|\n|win|tukeydukey\n|raw|Mrkoklock's rating: 1217 → 1193<\/strong> (-24 for losing)\n|raw|tukeydukey's rating: 1235 → 1259<\/strong> (+24 for winning)\n|l|\u2606Mrkoklock\n","uploadtime":1682441619,"views":5,"p1id":"mrkoklock","p2id":"tukeydukey","formatid":"gen9vgc2023regulationc","rating":1193,"private":0,"password":""}