{"id":"gen9vgc2023regulationc-1863494534","p1":"Lamborghini124674","p2":"Thast","format":"[Gen 9] VGC 2023 Regulation C","log":"|j|\u2606Lamborghini124674\n|j|\u2606Thast\n|t:|1684025060\n|gametype|doubles\n|player|p1|Lamborghini124674|skyla|1014\n|player|p2|Thast|plasmagrunt-gen5bw|1043\n|teamsize|p1|6\n|teamsize|p2|6\n|gen|9\n|tier|[Gen 9] VGC 2023 Regulation C\n|rated|\n|rule|Species Clause: Limit one of each Pok\u00e9mon\n|rule|Item Clause: Limit one of each item\n|clearpoke\n|poke|p1|Gothitelle, L50, F|\n|poke|p1|Scream Tail, L50|\n|poke|p1|Palafin, L50, M|\n|poke|p1|Arcanine, L50, M|\n|poke|p1|Amoonguss, L50, M|\n|poke|p1|Flutter Mane, L50|\n|poke|p2|Abomasnow, L50, M|\n|poke|p2|Cetitan, L50, M|\n|poke|p2|Iron Bundle, L50|\n|poke|p2|Avalugg, L50, M|\n|poke|p2|Eiscue, L50, F|\n|poke|p2|Rotom-Frost, L50|\n|teampreview|4\n|\n|t:|1684025076\n|start\n|switch|p1a: Gothitelle|Gothitelle, L50, F, shiny|100\/100\n|switch|p1b: Scream Tail|Scream Tail, L50, shiny|100\/100\n|switch|p2a: Abomasnow|Abomasnow, L50, M, shiny|100\/100\n|switch|p2b: Iron Bundle|Iron Bundle, L50|100\/100\n|-weather|Snow|[from] ability: Snow Warning|[of] p2a: Abomasnow\n|-enditem|p2b: Iron Bundle|Booster Energy\n|-activate|p2b: Iron Bundle|ability: Quark Drive|[fromitem]\n|-start|p2b: Iron Bundle|quarkdrivespe\n|-enditem|p1b: Scream Tail|Booster Energy\n|-activate|p1b: Scream Tail|ability: Protosynthesis|[fromitem]\n|-start|p1b: Scream Tail|protosynthesisspe\n|turn|1\n|\n|t:|1684025100\n|move|p1a: Gothitelle|Fake Out|p2b: Iron Bundle\n|-damage|p2b: Iron Bundle|96\/100\n|cant|p2b: Iron Bundle|flinch\n|move|p1b: Scream Tail|Perish Song|p1b: Scream Tail\n|-start|p1a: Gothitelle|perish3|[silent]\n|-start|p1b: Scream Tail|perish3|[silent]\n|-start|p2a: Abomasnow|perish3|[silent]\n|-start|p2b: Iron Bundle|perish3|[silent]\n|-fieldactivate|move: Perish Song\n|move|p2a: Abomasnow|Leaf Storm|p1a: Gothitelle\n|-damage|p1a: Gothitelle|66\/100\n|-unboost|p2a: Abomasnow|spa|2\n|-enditem|p2a: Abomasnow|Eject Pack\n|\n|t:|1684025112\n|switch|p2a: Eiscue|Eiscue, L50, F|100\/100\n|\n|-weather|Snow|[upkeep]\n|-start|p2b: Iron Bundle|perish3\n|-start|p1b: Scream Tail|perish3\n|-start|p1a: Gothitelle|perish3\n|upkeep\n|turn|2\n|\n|t:|1684025138\n|-end|p1b: Scream Tail|Protosynthesis|[silent]\n|switch|p1b: Arcanine|Arcanine, L50, M, shiny|100\/100\n|-ability|p1b: Arcanine|Intimidate|boost\n|-unboost|p2a: Eiscue|atk|1\n|-unboost|p2b: Iron Bundle|atk|1\n|move|p1a: Gothitelle|Protect|p1a: Gothitelle\n|-singleturn|p1a: Gothitelle|Protect\n|move|p2b: Iron Bundle|Blizzard|p1b: Arcanine|[spread] p1b\n|-activate|p1a: Gothitelle|move: Protect\n|-resisted|p1b: Arcanine\n|-damage|p1b: Arcanine|78\/100\n|move|p2a: Eiscue|Soak|p1a: Gothitelle\n|-activate|p1a: Gothitelle|move: Protect\n|\n|-weather|Snow|[upkeep]\n|-start|p2b: Iron Bundle|perish2\n|-start|p1a: Gothitelle|perish2\n|upkeep\n|turn|3\n|\n|t:|1684025173\n|-terastallize|p2b: Iron Bundle|Water\n|-terastallize|p1b: Arcanine|Water\n|move|p2b: Iron Bundle|Hydro Pump|p1b: Arcanine\n|-resisted|p1b: Arcanine\n|-damage|p1b: Arcanine|31\/100\n|move|p1b: Arcanine|Flare Blitz|p2a: Eiscue\n|-activate|p2a: Eiscue|ability: Ice Face\n|-damage|p2a: Eiscue|100\/100\n|-damage|p1b: Arcanine|15\/100|[from] item: Rocky Helmet|[of] p2a: Eiscue\n|detailschange|p2a: Eiscue|Eiscue-Noice, L50, F\n|move|p2a: Eiscue|Aurora Veil|p2a: Eiscue\n|-sidestart|p2: Thast|move: Aurora Veil\n|move|p1a: Gothitelle|Psychic|p2b: Iron Bundle\n|-damage|p2b: Iron Bundle|65\/100\n|\n|-weather|Snow|[upkeep]\n|-start|p2b: Iron Bundle|perish1\n|-start|p1a: Gothitelle|perish1\n|upkeep\n|turn|4\n|\n|t:|1684025218\n|switch|p1a: Flutter Mane|Flutter Mane, L50, shiny|100\/100\n|move|p2b: Iron Bundle|Blizzard|p1a: Flutter Mane|[spread] p1a,p1b\n|-resisted|p1b: Arcanine\n|-damage|p1a: Flutter Mane|56\/100\n|-damage|p1b: Arcanine|0 fnt\n|faint|p1b: Arcanine\n|move|p2a: Eiscue|Freeze-Dry|p1a: Flutter Mane\n|-damage|p1a: Flutter Mane|29\/100\n|\n|-weather|Snow|[upkeep]\n|-start|p2b: Iron Bundle|perish0\n|faint|p2b: Iron Bundle\n|-end|p2b: Iron Bundle|Quark Drive|[silent]\n|upkeep\n|\n|t:|1684025235\n|switch|p2b: Rotom|Rotom-Frost, L50|100\/100\n|switch|p1b: Gothitelle|Gothitelle, L50, F, shiny|66\/100\n|turn|5\n|\n|t:|1684025255\n|move|p2b: Rotom|Volt Switch|p1a: Flutter Mane\n|-damage|p1a: Flutter Mane|0 fnt\n|faint|p1a: Flutter Mane\n|-end|p1a: Flutter Mane|Protosynthesis|[silent]\n|\n|t:|1684025259\n|switch|p2b: Abomasnow|Abomasnow, L50, M, shiny|100\/100|[from] Volt Switch\n|move|p2a: Eiscue|Soak|p1b: Gothitelle\n|-start|p1b: Gothitelle|typechange|Water\n|move|p1b: Gothitelle|Heal Pulse|p1: Flutter Mane|[notarget]\n|-fail|p1b: Gothitelle\n|\n|-weather|none\n|upkeep\n|\n|t:|1684025277\n|switch|p1a: Scream Tail|Scream Tail, L50, shiny|100\/100\n|turn|6\n|l|\u2606Lamborghini124674\n|player|p1|\n|c|\u2606Thast|all good?\n|inactive|Battle timer is ON: inactive players will automatically lose when time's up. (requested by Thast)\n|j|\u2606Lamborghini124674\n|inactive|Lamborghini124674 reconnected and has 70 seconds left.\n|player|p1|Lamborghini124674|skyla\n|inactive|Lamborghini124674 has 60 seconds left.\n|\n|t:|1684025411\n|move|p2b: Abomasnow|Protect|p2b: Abomasnow\n|-singleturn|p2b: Abomasnow|Protect\n|move|p1a: Scream Tail|Play Rough|p2b: Abomasnow\n|-activate|p2b: Abomasnow|move: Protect\n|move|p2a: Eiscue|Soak|p1a: Scream Tail\n|-start|p1a: Scream Tail|typechange|Water\n|move|p1b: Gothitelle|Psychic|p2b: Abomasnow\n|-activate|p2b: Abomasnow|move: Protect\n|\n|upkeep\n|turn|7\n|inactiveoff|Battle timer is now OFF.\n|l|\u2606Lamborghini124674\n|player|p1|\n|inactive|Battle timer is ON: inactive players will automatically lose when time's up. (requested by Thast)\n|inactive|Lamborghini124674 has 30 seconds left.\n|inactive|Lamborghini124674 has 20 seconds left.\n|inactive|Lamborghini124674 has 15 seconds left.\n|inactive|Lamborghini124674 has 10 seconds left.\n|inactive|Lamborghini124674 has 5 seconds left.\n|-message|Lamborghini124674 lost due to inactivity.\n|\n|win|Thast\n|raw|Lamborghini124674's rating: 1014 → 1003<\/strong> (-11 for losing)\n|raw|Thast's rating: 1043 → 1074<\/strong> (+31 for winning)\n","uploadtime":1684025527,"views":7,"p1id":"lamborghini124674","p2id":"thast","formatid":"gen9vgc2023regulationc","rating":1003,"private":0,"password":""}