{"id":"gen9vgc2023regulationc-1855496467","p1":"helloaaron","p2":"NicoHaxVGC","format":"[Gen 9] VGC 2023 Regulation C","log":"|j|\u2606helloaaron\n|j|\u2606NicoHaxVGC\n|t:|1682956695\n|gametype|doubles\n|player|p1|helloaaron|hilbert-wonderlauncher|1372\n|player|p2|NicoHaxVGC|red|1423\n|teamsize|p1|6\n|teamsize|p2|6\n|gen|9\n|tier|[Gen 9] VGC 2023 Regulation C\n|rated|\n|rule|Species Clause: Limit one of each Pok\u00e9mon\n|rule|Item Clause: Limit one of each item\n|clearpoke\n|poke|p1|Murkrow, L50, F|\n|poke|p1|Chi-Yu, L50|\n|poke|p1|Flutter Mane, L50|\n|poke|p1|Great Tusk, L50|\n|poke|p1|Amoonguss, L50, F|\n|poke|p1|Corviknight, L50, F|\n|poke|p2|Corviknight, L50, F|\n|poke|p2|Ting-Lu, L50|\n|poke|p2|Annihilape, L50, M|\n|poke|p2|Amoonguss, L50, F|\n|poke|p2|Iron Bundle, L50|\n|poke|p2|Flutter Mane, L50|\n|teampreview|4\n|inactive|Battle timer is ON: inactive players will automatically lose when time's up. (requested by NicoHaxVGC)\nNicoHaxVGC has agreed to open team sheets.\n|inactive|helloaaron has 60 seconds left.\n|\n|t:|1682956731\n|start\n|switch|p1a: Murkrow|Murkrow, L50, F|100\/100\n|switch|p1b: Flutter Mane|Flutter Mane, L50|100\/100\n|switch|p2a: Raven|Corviknight, L50, F|100\/100\n|switch|p2b: Cyborg|Iron Bundle, L50|100\/100\n|-enditem|p2b: Cyborg|Booster Energy\n|-activate|p2b: Cyborg|ability: Quark Drive|[fromitem]\n|-start|p2b: Cyborg|quarkdrivespe\n|turn|1\n|inactive|NicoHaxVGC has 30 seconds left.\n|\n|t:|1682956759\n|move|p2b: Cyborg|Protect|p2b: Cyborg\n|-singleturn|p2b: Cyborg|Protect\n|move|p1a: Murkrow|Tailwind|p1a: Murkrow\n|-sidestart|p1: helloaaron|move: Tailwind\n|move|p1b: Flutter Mane|Moonblast|p2b: Cyborg\n|-activate|p2b: Cyborg|move: Protect\n|move|p2a: Raven|Tailwind|p2a: Raven\n|-sidestart|p2: NicoHaxVGC|move: Tailwind\n|\n|upkeep\n|turn|2\n|\n|t:|1682956772\n|move|p1a: Murkrow|Sunny Day|p1a: Murkrow\n|-weather|SunnyDay\n|-activate|p1b: Flutter Mane|ability: Protosynthesis\n|-start|p1b: Flutter Mane|protosynthesisspa\n|move|p2b: Cyborg|Icy Wind|p1b: Flutter Mane|[spread] p1a\n|-miss|p2b: Cyborg|p1b: Flutter Mane\n|-supereffective|p1a: Murkrow\n|-damage|p1a: Murkrow|27\/100\n|-unboost|p1a: Murkrow|spe|1\n|move|p1b: Flutter Mane|Moonblast|p2b: Cyborg\n|-damage|p2b: Cyborg|0 fnt\n|faint|p2b: Cyborg\n|-end|p2b: Cyborg|Quark Drive|[silent]\n|move|p2a: Raven|Iron Head|p1b: Flutter Mane\n|-supereffective|p1b: Flutter Mane\n|-damage|p1b: Flutter Mane|0 fnt\n|faint|p1b: Flutter Mane\n|-end|p1b: Flutter Mane|Protosynthesis|[silent]\n|\n|-weather|SunnyDay|[upkeep]\n|upkeep\n|\n|t:|1682956794\n|switch|p2b: Beast boy|Ting-Lu, L50|100\/100\n|switch|p1b: Chi-Yu|Chi-Yu, L50|100\/100\n|-ability|p1b: Chi-Yu|Beads of Ruin\n|-ability|p2b: Beast boy|Vessel of Ruin\n|turn|3\n|inactive|helloaaron has 30 seconds left.\n|inactive|helloaaron has 20 seconds left.\n|\n|t:|1682956830\n|-terastallize|p1b: Chi-Yu|Ghost\n|-terastallize|p2a: Raven|Fire\n|move|p1b: Chi-Yu|Heat Wave|p2b: Beast boy|[spread] p2a,p2b\n|-resisted|p2a: Raven\n|-damage|p2a: Raven|71\/100\n|-damage|p2b: Beast boy|62\/100\n|-damage|p1b: Chi-Yu|90\/100|[from] item: Life Orb\n|move|p2a: Raven|Brave Bird|p1a: Murkrow\n|-damage|p1a: Murkrow|0 fnt\n|faint|p1a: Murkrow\n|-damage|p2a: Raven|63\/100|[from] Recoil\n|move|p2b: Beast boy|Stone Edge|p1b: Chi-Yu\n|-damage|p1b: Chi-Yu|43\/100\n|\n|-weather|SunnyDay|[upkeep]\n|upkeep\n|\n|t:|1682956835\n|switch|p1a: Great Tusk|Great Tusk, L50|100\/100\n|-activate|p1a: Great Tusk|ability: Protosynthesis\n|-start|p1a: Great Tusk|protosynthesisatk\n|turn|4\n|inactive|NicoHaxVGC has 30 seconds left.\n|inactive|NicoHaxVGC has 20 seconds left.\n|inactive|NicoHaxVGC has 15 seconds left.\n|inactive|NicoHaxVGC has 10 seconds left.\n|inactive|NicoHaxVGC has 5 seconds left.\n|\n|t:|1682956886\n|move|p1a: Great Tusk|Headlong Rush|p2a: Raven\n|-supereffective|p2a: Raven\n|-damage|p2a: Raven|0 fnt\n|-unboost|p1a: Great Tusk|def|1\n|-unboost|p1a: Great Tusk|spd|1\n|faint|p2a: Raven\n|move|p1b: Chi-Yu|Heat Wave|p2b: Beast boy\n|-damage|p2b: Beast boy|13\/100\n|-damage|p1b: Chi-Yu|33\/100|[from] item: Life Orb\n|move|p2b: Beast boy|Stomping Tantrum|p1b: Chi-Yu\n|-damage|p1b: Chi-Yu|0 fnt\n|faint|p1b: Chi-Yu\n|\n|-weather|SunnyDay|[upkeep]\n|-sideend|p2: NicoHaxVGC|move: Tailwind\n|-sideend|p1: helloaaron|move: Tailwind\n|upkeep\n|\n|t:|1682956896\n|switch|p2a: Star fire|Flutter Mane, L50|100\/100\n|-activate|p2a: Star fire|ability: Protosynthesis\n|-start|p2a: Star fire|protosynthesisspe\n|turn|5\n|\n|t:|1682956907\n|move|p2a: Star fire|Moonblast|p1a: Great Tusk\n|-supereffective|p1a: Great Tusk\n|-damage|p1a: Great Tusk|0 fnt\n|faint|p1a: Great Tusk\n|-end|p1a: Great Tusk|Protosynthesis|[silent]\n|\n|win|NicoHaxVGC\n|raw|helloaaron's rating: 1372 → 1355<\/strong> (-17 for losing)\n|raw|NicoHaxVGC's rating: 1423 → 1440<\/strong> (+17 for winning)\n","uploadtime":1682956911,"views":25,"p1id":"helloaaron","p2id":"nicohaxvgc","formatid":"gen9vgc2023regulationc","rating":1355,"private":0,"password":""}