{"id":"gen9vgc2023regulationc-1854173199","p1":"yakenonokarasu","p2":"Mr.Play&C","format":"[Gen 9] VGC 2023 Regulation C","log":"|j|\u2606yakenonokarasu\n|j|\u2606Mr.Play&C\n|t:|1682779651\n|gametype|doubles\n|player|p1|yakenonokarasu|elesa|\n|player|p2|Mr.Play&C|ingo|\n|teamsize|p1|6\n|teamsize|p2|6\n|gen|9\n|tier|[Gen 9] VGC 2023 Regulation C\n|rule|Species Clause: Limit one of each Pok\u00e9mon\n|rule|Item Clause: Limit one of each item\n|clearpoke\n|poke|p1|Iron Hands, L50|\n|poke|p1|Palafin, L50, F|\n|poke|p1|Hydreigon, L50, F|\n|poke|p1|Luxio, L50, F|\n|poke|p1|Dragapult, L50, M|\n|poke|p1|Toxtricity, L50, F|\n|poke|p2|Great Tusk, L50|\n|poke|p2|Talonflame, L50, F|\n|poke|p2|Rotom-Wash, L50|\n|poke|p2|Klefki, L50, M|\n|poke|p2|Weavile, L50, F|\n|poke|p2|Houndstone, L50, F|\n|teampreview|4\n|c|\u2606yakenonokarasu|G3\n|\n|t:|1682780761\n|start\n|switch|p1a: Iron Hands|Iron Hands, L50, shiny|100\/100\n|switch|p1b: Luxio|Luxio, L50, F, shiny|100\/100\n|switch|p2a: Talonflame|Talonflame, L50, F|100\/100\n|switch|p2b: Klefki|Klefki, L50, M|100\/100\n|-ability|p1b: Luxio|Intimidate|boost\n|-unboost|p2a: Talonflame|atk|1\n|-unboost|p2b: Klefki|atk|1\n|-enditem|p1a: Iron Hands|Booster Energy\n|-activate|p1a: Iron Hands|ability: Quark Drive|[fromitem]\n|-start|p1a: Iron Hands|quarkdrivedef\n|turn|1\n|\n|t:|1682780785\n|move|p1a: Iron Hands|Fake Out|p2b: Klefki\n|-resisted|p2b: Klefki\n|-damage|p2b: Klefki|93\/100\n|move|p2a: Talonflame|Tailwind|p2a: Talonflame\n|-sidestart|p2: Mr.Play&C|move: Tailwind\n|cant|p2b: Klefki|flinch\n|move|p1b: Luxio|Howl|p1b: Luxio|[spread] p1a,p1b\n|-boost|p1a: Iron Hands|atk|1\n|-boost|p1b: Luxio|atk|1\n|\n|-heal|p2b: Klefki|99\/100|[from] item: Leftovers\n|upkeep\n|turn|2\n|\n|t:|1682780822\n|switch|p2a: Great Tusk|Great Tusk, L50|100\/100\n|move|p2b: Klefki|Reflect|p2b: Klefki\n|-sidestart|p2: Mr.Play&C|Reflect\n|move|p1b: Luxio|Howl|p1b: Luxio|[spread] p1a,p1b\n|-boost|p1a: Iron Hands|atk|1\n|-boost|p1b: Luxio|atk|1\n|move|p1a: Iron Hands|Thunder Punch|p2a: Great Tusk\n|-immune|p2a: Great Tusk\n|\n|-heal|p2b: Klefki|100\/100|[from] item: Leftovers\n|upkeep\n|turn|3\n|\n|t:|1682780852\n|-terastallize|p1a: Iron Hands|Fairy\n|move|p2b: Klefki|Protect|p2b: Klefki\n|-singleturn|p2b: Klefki|Protect\n|move|p1b: Luxio|Protect|p1b: Luxio\n|-singleturn|p1b: Luxio|Protect\n|move|p2a: Great Tusk|Earthquake|p1a: Iron Hands|[spread] p1a\n|-activate|p2b: Klefki|move: Protect\n|-activate|p1b: Luxio|move: Protect\n|-damage|p1a: Iron Hands|87\/100\n|move|p1a: Iron Hands|Play Rough|p2a: Great Tusk\n|-supereffective|p2a: Great Tusk\n|-damage|p2a: Great Tusk|12\/100\n|-unboost|p2a: Great Tusk|atk|1\n|\n|upkeep\n|turn|4\n|\n|t:|1682780910\n|move|p2a: Great Tusk|Headlong Rush|p1b: Luxio\n|-supereffective|p1b: Luxio\n|-damage|p1b: Luxio|39\/100\n|-unboost|p2a: Great Tusk|def|1\n|-unboost|p2a: Great Tusk|spd|1\n|move|p2b: Klefki|Play Rough|p1a: Iron Hands\n|-damage|p1a: Iron Hands|81\/100\n|move|p1b: Luxio|Howl|p1b: Luxio|[spread] p1a,p1b\n|-boost|p1a: Iron Hands|atk|1\n|-boost|p1b: Luxio|atk|1\n|move|p1a: Iron Hands|Drain Punch|p2a: Great Tusk\n|-damage|p2a: Great Tusk|0 fnt\n|-heal|p1a: Iron Hands|85\/100|[from] drain|[of] p2a: Great Tusk\n|faint|p2a: Great Tusk\n|-end|p2a: Great Tusk|Protosynthesis|[silent]\n|\n|-sideend|p2: Mr.Play&C|move: Tailwind\n|upkeep\n|\n|t:|1682780932\n|switch|p2a: Talonflame|Talonflame, L50, F|100\/100\n|turn|5\n|\n|t:|1682780957\n|switch|p2b: Rotom|Rotom-Wash, L50|100\/100\n|move|p2a: Talonflame|Tailwind|p2a: Talonflame\n|-sidestart|p2: Mr.Play&C|move: Tailwind\n|move|p1b: Luxio|Wild Charge|p2a: Talonflame\n|-supereffective|p2a: Talonflame\n|-damage|p2a: Talonflame|0 fnt\n|faint|p2a: Talonflame\n|-damage|p1b: Luxio|17\/100|[from] Recoil\n|move|p1a: Iron Hands|Drain Punch|p2b: Rotom\n|-damage|p2b: Rotom|27\/100\n|-heal|p1a: Iron Hands|100\/100|[from] drain|[of] p2b: Rotom\n|\n|upkeep\n|\n|t:|1682780972\n|switch|p2a: Klefki|Klefki, L50, M|100\/100\n|turn|6\n|\n|t:|1682780998\n|move|p2a: Klefki|Protect|p2a: Klefki\n|-singleturn|p2a: Klefki|Protect\n|move|p1b: Luxio|Protect|p1b: Luxio\n|-singleturn|p1b: Luxio|Protect\n|move|p2b: Rotom|Thunderbolt|p1b: Luxio\n|-activate|p1b: Luxio|move: Protect\n|move|p1a: Iron Hands|Drain Punch|p2b: Rotom\n|-damage|p2b: Rotom|0 fnt\n|faint|p2b: Rotom\n|\n|-sideend|p2: Mr.Play&C|Reflect\n|upkeep\n|turn|7\n|\n|t:|1682781014\n|move|p2a: Klefki|Reflect|p2a: Klefki\n|-sidestart|p2: Mr.Play&C|Reflect\n|move|p1b: Luxio|Wild Charge|p2a: Klefki\n|-damage|p2a: Klefki|50\/100\n|-damage|p1b: Luxio|6\/100|[from] Recoil\n|move|p1a: Iron Hands|Drain Punch|p2a: Klefki\n|-damage|p2a: Klefki|0 fnt\n|faint|p2a: Klefki\n|\n|win|yakenonokarasu\n|c|\u2606yakenonokarasu|Ggs I'll get replays\n|c|\u2606Mr.Play&C|Ggs\n|l|\u2606Mr.Play&C\n|l|\u2606yakenonokarasu\n|j|\u2606Mr.Play&C\n|player|p2|Mr.Play&C|ingo\n","uploadtime":1682781245,"views":27,"p1id":"yakenonokarasu","p2id":"mrplayc","formatid":"gen9vgc2023regulationc","rating":0,"private":0,"password":""}