{"id":"gen9vgc2023regulationc-1862288365","p1":"PigsRuleVGC!!!","p2":"vivixification","format":"[Gen 9] VGC 2023 Regulation C","log":"|j|\u2606PigsRuleVGC!!!\n|j|\u2606vivixification\n|t:|1683860179\n|gametype|doubles\n|player|p1|PigsRuleVGC!!!|acetrainer|1293\n|player|p2|vivixification|backersf|1399\n|teamsize|p1|6\n|teamsize|p2|6\n|gen|9\n|tier|[Gen 9] VGC 2023 Regulation C\n|rated|\n|rule|Species Clause: Limit one of each Pok\u00e9mon\n|rule|Item Clause: Limit one of each item\n|clearpoke\n|poke|p1|Dondozo, L50, M|\n|poke|p1|Tatsugiri-Droopy, L50, M|\n|poke|p1|Chi-Yu, L50|\n|poke|p1|Flutter Mane, L50|\n|poke|p1|Pelipper, L50, M|\n|poke|p1|Glimmora, L50, M|\n|poke|p2|Dondozo, L50, M|\n|poke|p2|Tatsugiri-Stretchy, L50, M|\n|poke|p2|Glimmora, L50, F|\n|poke|p2|Pelipper, L50, M|\n|poke|p2|Scizor, L50, F|\n|poke|p2|Flutter Mane, L50|\n|teampreview|4\n|inactive|Battle timer is ON: inactive players will automatically lose when time's up. (requested by vivixification)\n|inactive|PigsRuleVGC!!! also wants the timer to be on.\nvivixification has agreed to open team sheets.\nPigsRuleVGC!!! has agreed to open team sheets.\n|c|\u2606vivixification|Nice team \ud83d\ude05\n|c|\u2606vivixification|Glhf\n|inactive|PigsRuleVGC!!! has 60 seconds left.\n|inactive|vivixification has 60 seconds left.\n|c|\u2606PigsRuleVGC!!!|u2\n|inactive|vivixification has 30 seconds left.\n|inactive|vivixification has 20 seconds left.\n|inactive|vivixification has 15 seconds left.\n|inactive|vivixification has 10 seconds left.\n|inactive|vivixification has 5 seconds left.\n|\n|t:|1683860269\n|start\n|switch|p1a: Glimmora|Glimmora, L50, M|100\/100\n|switch|p1b: Flutter Mane|Flutter Mane, L50|100\/100\n|switch|p2a: Dondozo|Dondozo, L50, M|100\/100\n|switch|p2b: Scizor|Scizor, L50, F|100\/100\n|-enditem|p1b: Flutter Mane|Booster Energy\n|-activate|p1b: Flutter Mane|ability: Protosynthesis|[fromitem]\n|-start|p1b: Flutter Mane|protosynthesisspa\n|turn|1\n|inactive|vivixification has 30 seconds left.\n|\n|t:|1683860296\n|-terastallize|p1a: Glimmora|Grass\n|move|p1b: Flutter Mane|Protect|p1b: Flutter Mane\n|-singleturn|p1b: Flutter Mane|Protect\n|move|p2a: Dondozo|Protect|p2a: Dondozo\n|-singleturn|p2a: Dondozo|Protect\n|move|p2b: Scizor|Bullet Punch|p1a: Glimmora\n|-damage|p1a: Glimmora|69\/100\n|-activate|p1a: Glimmora|ability: Toxic Debris\n|-sidestart|p2: vivixification|move: Toxic Spikes\n|move|p1a: Glimmora|Mortal Spin|p2b: Scizor|[spread] \n|-activate|p2a: Dondozo|move: Protect\n|-immune|p2b: Scizor\n|\n|upkeep\n|turn|2\n|\n|t:|1683860309\n|-end|p1b: Flutter Mane|Protosynthesis|[silent]\n|switch|p1b: Yeetus|Tatsugiri-Droopy, L50, M|100\/100\n|switch|p2a: Glimmora|Glimmora, L50, F|100\/100\n|-sideend|p2: vivixification|move: Toxic Spikes|[of] p2a: Glimmora\n|move|p1a: Glimmora|Mortal Spin|p2b: Scizor|[spread] p2a\n|-immune|p2b: Scizor\n|-resisted|p2a: Glimmora\n|-damage|p2a: Glimmora|99\/100\n|move|p2b: Scizor|Pounce|p1a: Glimmora\n|-supereffective|p1a: Glimmora\n|-damage|p1a: Glimmora|0 fnt\n|-activate|p1a: Glimmora|ability: Toxic Debris\n|-sidestart|p2: vivixification|move: Toxic Spikes\n|faint|p1a: Glimmora\n|\n|upkeep\n|\n|t:|1683860321\n|switch|p1a: Deleteus|Dondozo, L50, M|100\/100\n|-activate|p1b: Yeetus|ability: Commander|[of] p1a: Deleteus\n|-boost|p1a: Deleteus|atk|2\n|-boost|p1a: Deleteus|spa|2\n|-boost|p1a: Deleteus|spe|2\n|-boost|p1a: Deleteus|def|2\n|-boost|p1a: Deleteus|spd|2\n|turn|3\n|\n|t:|1683860344\n|-terastallize|p2a: Glimmora|Grass\n|move|p1a: Deleteus|Surf|p2b: Scizor|[spread] p2a,p2b\n|-miss|p1a: Deleteus|p1b: Yeetus\n|-resisted|p2a: Glimmora\n|-damage|p2a: Glimmora|71\/100\n|-damage|p2b: Scizor|51\/100\n|-damage|p1a: Deleteus|91\/100|[from] item: Life Orb\n|move|p2a: Glimmora|Energy Ball|p1a: Deleteus\n|-supereffective|p1a: Deleteus\n|-damage|p1a: Deleteus|46\/100\n|move|p2b: Scizor|Trailblaze|p1a: Deleteus\n|-supereffective|p1a: Deleteus\n|-damage|p1a: Deleteus|25\/100\n|-boost|p2b: Scizor|spe|1\n|\n|upkeep\n|turn|4\n|inactive|vivixification has 30 seconds left.\n|\n|t:|1683860376\n|move|p2a: Glimmora|Spiky Shield|p2a: Glimmora\n|-singleturn|p2a: Glimmora|move: Protect\n|move|p1a: Deleteus|Surf|p2a: Glimmora|[spread] p2b\n|-miss|p1a: Deleteus|p1b: Yeetus\n|-activate|p2a: Glimmora|move: Protect\n|-damage|p2b: Scizor|4\/100\n|-damage|p1a: Deleteus|15\/100|[from] item: Life Orb\n|move|p2b: Scizor|Trailblaze|p1a: Deleteus\n|-supereffective|p1a: Deleteus\n|-damage|p1a: Deleteus|0 fnt\n|-boost|p2b: Scizor|spe|1\n|faint|p1a: Deleteus\n|\n|upkeep\n|\n|t:|1683860384\n|switch|p1a: Flutter Mane|Flutter Mane, L50|100\/100\n|turn|5\n|\n|t:|1683860398\n|move|p1a: Flutter Mane|Protect|p1a: Flutter Mane\n|-singleturn|p1a: Flutter Mane|Protect\n|move|p2b: Scizor|Close Combat|p1b: Yeetus\n|-damage|p1b: Yeetus|34\/100\n|-unboost|p2b: Scizor|def|1\n|-unboost|p2b: Scizor|spd|1\n|move|p1b: Yeetus|Icy Wind|p2a: Glimmora|[spread] p2a,p2b\n|-supereffective|p2a: Glimmora\n|-resisted|p2b: Scizor\n|-damage|p2a: Glimmora|43\/100\n|-damage|p2b: Scizor|0 fnt\n|-unboost|p2a: Glimmora|spe|1\n|-enditem|p2a: Glimmora|Sitrus Berry|[eat]\n|-heal|p2a: Glimmora|67\/100|[from] item: Sitrus Berry\n|faint|p2b: Scizor\n|move|p2a: Glimmora|Mortal Spin|p1a: Flutter Mane|[spread] p1b\n|-activate|p1a: Flutter Mane|move: Protect\n|-damage|p1b: Yeetus|26\/100\n|-status|p1b: Yeetus|psn\n|-sideend|p2: vivixification|Toxic Spikes|[from] move: Mortal Spin|[of] p2a: Glimmora\n|\n|-damage|p1b: Yeetus|14\/100 psn|[from] psn\n|upkeep\n|\n|t:|1683860402\n|switch|p2b: Dondozo|Dondozo, L50, M|100\/100\n|turn|6\n|\n|t:|1683860425\n|move|p2b: Dondozo|Protect|p2b: Dondozo\n|-singleturn|p2b: Dondozo|Protect\n|move|p1b: Yeetus|Icy Wind|p2a: Glimmora|[spread] \n|-activate|p2b: Dondozo|move: Protect\n|-miss|p1b: Yeetus|p2a: Glimmora\n|move|p1a: Flutter Mane|Shadow Ball|p2b: Dondozo\n|-activate|p2b: Dondozo|move: Protect\n|move|p2a: Glimmora|Mortal Spin|p1a: Flutter Mane|[spread] p1a,p1b\n|-damage|p1a: Flutter Mane|94\/100\n|-damage|p1b: Yeetus|6\/100 psn\n|-status|p1a: Flutter Mane|psn\n|\n|-damage|p1b: Yeetus|0 fnt|[from] psn\n|faint|p1b: Yeetus\n|-damage|p1a: Flutter Mane|82\/100 psn|[from] psn\n|upkeep\n|turn|7\n|-message|PigsRuleVGC!!! forfeited.\n|\n|win|vivixification\n|raw|PigsRuleVGC!!!'s rating: 1293 → 1275<\/strong> (-18 for losing)\n|raw|vivixification's rating: 1399 → 1413<\/strong> (+14 for winning)\n|l|\u2606PigsRuleVGC!!!\n|c|\u2606vivixification|Ggs\n|l|\u2606vivixification\n|j|\u2606vivixification\n|player|p2|vivixification|backersf\n","uploadtime":1683860455,"views":17,"p1id":"pigsrulevgc","p2id":"vivixification","formatid":"gen9vgc2023regulationc","rating":1275,"private":0,"password":""}