{"id":"gen9vgc2023regulationc-1861350559","p1":"wrinklyrobin13","p2":"Heatwavegang","format":"[Gen 9] VGC 2023 Regulation C","log":"|j|\u2606wrinklyrobin13\n|j|\u2606Heatwavegang\n|t:|1683748513\n|gametype|doubles\n|player|p1|wrinklyrobin13|skier|1067\n|player|p2|Heatwavegang|lucas|1090\n|teamsize|p1|6\n|teamsize|p2|6\n|gen|9\n|tier|[Gen 9] VGC 2023 Regulation C\n|rated|\n|rule|Species Clause: Limit one of each Pok\u00e9mon\n|rule|Item Clause: Limit one of each item\n|clearpoke\n|poke|p1|Tyranitar, L50, F|\n|poke|p1|Lycanroc, L50, M|\n|poke|p1|Garchomp, L50, F|\n|poke|p1|Flutter Mane, L50|\n|poke|p1|Iron Bundle, L50|\n|poke|p1|Amoonguss, L50, M|\n|poke|p2|Ceruledge, L50, F|\n|poke|p2|Garganacl, L50, M|\n|poke|p2|Amoonguss, L50, F|\n|poke|p2|Iron Bundle, L50|\n|poke|p2|Corviknight, L50, F|\n|poke|p2|Flutter Mane, L50|\n|teampreview|4\n|inactive|Battle timer is ON: inactive players will automatically lose when time's up. (requested by wrinklyrobin13)\n|inactive|Heatwavegang has 60 seconds left.\n|\n|t:|1683748551\n|start\n|switch|p1a: Tyranitar|Tyranitar, L50, F|100\/100\n|switch|p1b: Garchomp|Garchomp, L50, F|100\/100\n|switch|p2a: Flutter Mane|Flutter Mane, L50|100\/100\n|switch|p2b: Amoonguss|Amoonguss, L50, F|100\/100\n|-weather|Sandstorm|[from] ability: Sand Stream|[of] p1a: Tyranitar\n|turn|1\n|\n|t:|1683748570\n|-terastallize|p1b: Garchomp|Ground\n|move|p2b: Amoonguss|Rage Powder|p2b: Amoonguss\n|-singleturn|p2b: Amoonguss|move: Rage Powder\n|move|p2a: Flutter Mane|Dazzling Gleam|p1b: Garchomp|[spread] p1a\n|-miss|p2a: Flutter Mane|p1b: Garchomp\n|-supereffective|p1a: Tyranitar\n|-damage|p1a: Tyranitar|65\/100\n|move|p1b: Garchomp|Rock Slide|p2b: Amoonguss|[spread] p2a,p2b\n|-damage|p2a: Flutter Mane|26\/100\n|-damage|p2b: Amoonguss|72\/100\n|move|p1a: Tyranitar|Rock Slide|p2b: Amoonguss|[spread] p2a,p2b\n|-damage|p2a: Flutter Mane|0 fnt\n|-damage|p2b: Amoonguss|43\/100\n|-enditem|p2b: Amoonguss|Sitrus Berry|[eat]\n|-heal|p2b: Amoonguss|68\/100|[from] item: Sitrus Berry\n|faint|p2a: Flutter Mane\n|-end|p2a: Flutter Mane|Protosynthesis|[silent]\n|\n|-weather|Sandstorm|[upkeep]\n|-damage|p2b: Amoonguss|62\/100|[from] Sandstorm\n|upkeep\n|inactive|Heatwavegang has 30 seconds left.\n|\n|t:|1683748595\n|switch|p2a: Corviknight|Corviknight, L50, F|100\/100\n|turn|2\n|\n|t:|1683748606\n|move|p1b: Garchomp|Rock Slide|p2a: Corviknight|[spread] p2a,p2b\n|-crit|p2b: Amoonguss\n|-damage|p2a: Corviknight|80\/100\n|-damage|p2b: Amoonguss|21\/100\n|move|p2a: Corviknight|Iron Head|p1a: Tyranitar\n|-supereffective|p1a: Tyranitar\n|-damage|p1a: Tyranitar|24\/100\n|cant|p1a: Tyranitar|flinch\n|move|p2b: Amoonguss|Spore|p1b: Garchomp|[miss]\n|-miss|p2b: Amoonguss|p1b: Garchomp\n|\n|-weather|Sandstorm|[upkeep]\n|-damage|p2b: Amoonguss|15\/100|[from] Sandstorm\n|upkeep\n|turn|3\n|inactive|Heatwavegang has 30 seconds left.\n|inactive|Heatwavegang has 20 seconds left.\n|\n|t:|1683748643\n|move|p1b: Garchomp|Rock Slide|p2b: Amoonguss|[spread] p2a,p2b\n|-damage|p2a: Corviknight|57\/100\n|-damage|p2b: Amoonguss|0 fnt\n|faint|p2b: Amoonguss\n|cant|p2a: Corviknight|flinch\n|move|p1a: Tyranitar|Rock Slide|p2a: Corviknight\n|-damage|p2a: Corviknight|26\/100\n|\n|-weather|Sandstorm|[upkeep]\n|upkeep\n|\n|t:|1683748657\n|switch|p2b: Ceruledge|Ceruledge, L50, F|100\/100\n|turn|4\n|c|\u2606Heatwavegang|this is so fucking bullshit lmao\n|\n|t:|1683748677\n|move|p1b: Garchomp|Rock Slide|p2b: Ceruledge|[spread] p2a,p2b\n|-supereffective|p2b: Ceruledge\n|-damage|p2a: Corviknight|4\/100\n|-damage|p2b: Ceruledge|16\/100\n|-ability|p2b: Ceruledge|Weak Armor|boost\n|-unboost|p2b: Ceruledge|def|1\n|-boost|p2b: Ceruledge|spe|2\n|move|p2b: Ceruledge|Bitter Blade|p1b: Garchomp\n|-damage|p1b: Garchomp|48\/100\n|-heal|p2b: Ceruledge|48\/100|[from] drain|[of] p1b: Garchomp\n|move|p2a: Corviknight|Iron Head|p1a: Tyranitar\n|-supereffective|p1a: Tyranitar\n|-damage|p1a: Tyranitar|0 fnt\n|faint|p1a: Tyranitar\n|\n|-weather|Sandstorm|[upkeep]\n|-damage|p2b: Ceruledge|42\/100|[from] Sandstorm\n|upkeep\n|\n|t:|1683748692\n|switch|p1a: Lycanroc|Lycanroc, L50, M, shiny|100\/100\n|turn|5\n|\n|t:|1683748701\n|move|p1a: Lycanroc|Rock Slide|p2a: Corviknight|[spread] p2a,p2b\n|-supereffective|p2b: Ceruledge\n|-damage|p2a: Corviknight|0 fnt\n|-damage|p2b: Ceruledge|0 fnt\n|faint|p2a: Corviknight\n|faint|p2b: Ceruledge\n|-damage|p1a: Lycanroc|91\/100|[from] item: Life Orb\n|\n|win|wrinklyrobin13\n|raw|wrinklyrobin13's rating: 1067 → 1099<\/strong> (+32 for winning)\n|raw|Heatwavegang's rating: 1090 → 1065<\/strong> (-25 for losing)\n","uploadtime":1683748678,"views":11,"p1id":"wrinklyrobin13","p2id":"heatwavegang","formatid":"gen9vgc2023regulationc","rating":1065,"private":0,"password":""}