{"id":"gen9vgc2023regulationc-1856023932","p1":"Ytterby","p2":"Daddicursa","format":"[Gen 9] VGC 2023 Regulation C","log":"|j|\u2606Ytterby\n|j|\u2606Daddicursa\n|t:|1683018993\n|gametype|doubles\n|player|p1|Ytterby|brycenman|1235\n|player|p2|Daddicursa|riley|1295\n|teamsize|p1|6\n|teamsize|p2|6\n|gen|9\n|tier|[Gen 9] VGC 2023 Regulation C\n|rated|\n|rule|Species Clause: Limit one of each Pok\u00e9mon\n|rule|Item Clause: Limit one of each item\n|clearpoke\n|poke|p1|Flutter Mane, L50|\n|poke|p1|Arcanine, L50, F|\n|poke|p1|Torkoal, L50, F|\n|poke|p1|Maushold, L50|\n|poke|p1|Annihilape, L50, F|\n|poke|p1|Noivern, L50, F|\n|poke|p2|Dachsbun, L50, M|\n|poke|p2|Ceruledge, L50, M|\n|poke|p2|Baxcalibur, L50, M|\n|poke|p2|Iron Bundle, L50|\n|poke|p2|Abomasnow, L50, F|\n|poke|p2|Chien-Pao, L50|\n|teampreview|4\nYtterby has agreed to open team sheets.\nDaddicursa has agreed to open team sheets.\n|c|\u2606Daddicursa|these some strange items\n|inactive|Battle timer is ON: inactive players will automatically lose when time's up. (requested by Daddicursa)\n|\n|t:|1683019060\n|start\n|switch|p1a: AN|Arcanine, L50, F|100\/100\n|switch|p1b: FATMAN|Annihilape, L50, F|100\/100\n|switch|p2a: Iron Bundle|Iron Bundle, L50|100\/100\n|switch|p2b: Ceruledge|Ceruledge, L50, M, shiny|100\/100\n|-ability|p1a: AN|Intimidate|boost\n|-unboost|p2a: Iron Bundle|atk|1\n|-unboost|p2b: Ceruledge|atk|1\n|-enditem|p2a: Iron Bundle|Booster Energy\n|-activate|p2a: Iron Bundle|ability: Quark Drive|[fromitem]\n|-start|p2a: Iron Bundle|quarkdrivespe\n|turn|1\n|inactive|Ytterby has 30 seconds left.\n|inactive|Ytterby has 20 seconds left.\n|inactive|Ytterby has 15 seconds left.\n|inactive|Ytterby has 10 seconds left.\n|inactive|Ytterby has 5 seconds left.\n|\n|t:|1683019114\n|switch|p2b: Abomasnow|Abomasnow, L50, F|100\/100\n|-weather|Snow|[from] ability: Snow Warning|[of] p2b: Abomasnow\n|-terastallize|p1b: FATMAN|Ghost\n|move|p2a: Iron Bundle|Aurora Veil|p2a: Iron Bundle\n|-sidestart|p2: Daddicursa|move: Aurora Veil\n|move|p1b: FATMAN|Shadow Claw|p2b: Abomasnow\n|-damage|p2b: Abomasnow|82\/100\n|move|p1a: AN|Snarl|p2a: Iron Bundle|[spread] p2a,p2b\n|-damage|p2a: Iron Bundle|81\/100\n|-damage|p2b: Abomasnow|72\/100\n|-unboost|p2a: Iron Bundle|spa|1\n|-unboost|p2b: Abomasnow|spa|1\n|\n|-weather|Snow|[upkeep]\n|upkeep\n|turn|2\n|inactive|Daddicursa has 30 seconds left.\n|\n|t:|1683019147\n|switch|p1b: TMAN|Torkoal, L50, F|100\/100\n|-weather|SunnyDay|[from] ability: Drought|[of] p1b: TMAN\n|-terastallize|p2b: Abomasnow|Water\n|move|p2a: Iron Bundle|Hydro Pump|p1a: AN\n|-supereffective|p1a: AN\n|-damage|p1a: AN|60\/100\n|move|p1a: AN|Heat Wave|p2b: Abomasnow|[spread] p2a,p2b\n|-resisted|p2b: Abomasnow\n|-damage|p2a: Iron Bundle|17\/100\n|-damage|p2b: Abomasnow|52\/100\n|move|p2b: Abomasnow|Leech Seed|p1b: TMAN|[miss]\n|-miss|p2b: Abomasnow|p1b: TMAN\n|\n|-weather|SunnyDay|[upkeep]\n|upkeep\n|turn|3\n|inactive|Ytterby has 30 seconds left.\n|inactive|Daddicursa has 30 seconds left.\n|\n|t:|1683019178\n|move|p2a: Iron Bundle|Hydro Pump|p1b: TMAN\n|-supereffective|p1b: TMAN\n|-damage|p1b: TMAN|72\/100\n|move|p1a: AN|Solar Beam||[still]\n|-prepare|p1a: AN|Solar Beam\n|-anim|p1a: AN|Solar Beam|p2b: Abomasnow\n|-supereffective|p2b: Abomasnow\n|-damage|p2b: Abomasnow|0 fnt\n|faint|p2b: Abomasnow\n|move|p1b: TMAN|Heat Wave|p2a: Iron Bundle\n|-damage|p2a: Iron Bundle|0 fnt\n|faint|p2a: Iron Bundle\n|-end|p2a: Iron Bundle|Quark Drive|[silent]\n|\n|-weather|SunnyDay|[upkeep]\n|upkeep\n|\n|t:|1683019194\n|switch|p2a: Ceruledge|Ceruledge, L50, M, shiny|100\/100\n|switch|p2b: Baxcalibur|Baxcalibur, L50, M|100\/100\n|turn|4\n|inactive|Ytterby has 30 seconds left.\n|inactive|Daddicursa has 30 seconds left.\n|inactive|Ytterby has 20 seconds left.\n|inactive|Daddicursa has 20 seconds left.\n|inactive|Daddicursa has 15 seconds left.\n|\n|t:|1683019238\n|switch|p1a: FATMAN|Annihilape, L50, F, tera:Ghost|100\/100\n|move|p2a: Ceruledge|Lava Plume|p1b: TMAN|[spread] p2b,p1a,p1b\n|-resisted|p1b: TMAN\n|-damage|p2b: Baxcalibur|94\/100\n|-damage|p1a: FATMAN|85\/100\n|-damage|p1b: TMAN|66\/100\n|-status|p1a: FATMAN|brn\n|-ability|p2b: Baxcalibur|Thermal Exchange|boost\n|-boost|p2b: Baxcalibur|atk|1\n|move|p2b: Baxcalibur|Stomping Tantrum|p1b: TMAN\n|-supereffective|p1b: TMAN\n|-damage|p1b: TMAN|0 fnt\n|faint|p1b: TMAN\n|\n|-weather|SunnyDay|[upkeep]\n|-damage|p1a: FATMAN|79\/100 brn|[from] brn\n|upkeep\n|\n|t:|1683019257\n|switch|p1b: Farter Man|Flutter Mane, L50|100\/100\n|-activate|p1b: Farter Man|ability: Protosynthesis\n|-start|p1b: Farter Man|protosynthesisspe\n|turn|5\n|inactive|Ytterby has 30 seconds left.\n|inactive|Ytterby has 20 seconds left.\n|inactive|Ytterby has 15 seconds left.\n|\n|t:|1683019300\n|move|p1b: Farter Man|Protect|p1b: Farter Man\n|-singleturn|p1b: Farter Man|Protect\n|move|p2a: Ceruledge|Ally Switch|p2a: Ceruledge\n|swap|p2a: Ceruledge|1|[from] move: Ally Switch\n|move|p1a: FATMAN|Shadow Claw|p2a: Baxcalibur\n|-damage|p2a: Baxcalibur|81\/100\n|move|p2a: Baxcalibur|Iron Head|p1b: Farter Man\n|-activate|p1b: Farter Man|move: Protect\n|\n|-weather|SunnyDay|[upkeep]\n|-damage|p1a: FATMAN|73\/100 brn|[from] brn\n|-sideend|p2: Daddicursa|move: Aurora Veil\n|upkeep\n|turn|6\n|inactive|Daddicursa has 30 seconds left.\n|inactive|Daddicursa has 20 seconds left.\n|inactive|Daddicursa has 15 seconds left.\n|inactive|Daddicursa has 10 seconds left.\n|\n|t:|1683019349\n|switch|p1a: AN|Arcanine, L50, F|60\/100\n|-ability|p1a: AN|Intimidate|boost\n|-unboost|p2a: Baxcalibur|atk|1\n|-unboost|p2b: Ceruledge|atk|1\n|move|p1b: Farter Man|Dazzling Gleam|p2b: Ceruledge|[spread] p2a,p2b\n|-supereffective|p2a: Baxcalibur\n|-resisted|p2b: Ceruledge\n|-damage|p2a: Baxcalibur|28\/100\n|-damage|p2b: Ceruledge|80\/100\n|-damage|p1b: Farter Man|91\/100|[from] item: Life Orb\n|move|p2b: Ceruledge|Bitter Blade|p1b: Farter Man\n|-damage|p1b: Farter Man|0 fnt\n|-heal|p2b: Ceruledge|100\/100|[from] drain|[of] p1b: Farter Man\n|faint|p1b: Farter Man\n|-end|p1b: Farter Man|Protosynthesis|[silent]\n|move|p2a: Baxcalibur|Glaive Rush|p1a: AN\n|-damage|p1a: AN|0 fnt\n|-singlemove|p2a: Baxcalibur|Glaive Rush|[silent]\n|faint|p1a: AN\n|\n|-weather|none\n|upkeep\n|\n|t:|1683019364\n|switch|p1b: FATMAN|Annihilape, L50, F, tera:Ghost|73\/100 brn\n|turn|7\n|inactive|Daddicursa has 30 seconds left.\n|\n|t:|1683019392\n|move|p2a: Baxcalibur|Ice Shard|p1b: FATMAN\n|-damage|p1b: FATMAN|45\/100 brn\n|move|p1b: FATMAN|Rock Slide|p2b: Ceruledge|[spread] p2a,p2b\n|-supereffective|p2a: Baxcalibur\n|-supereffective|p2b: Ceruledge\n|-damage|p2a: Baxcalibur|12\/100\n|-damage|p2b: Ceruledge|80\/100\n|-ability|p2b: Ceruledge|Weak Armor|boost\n|-unboost|p2b: Ceruledge|def|1\n|-boost|p2b: Ceruledge|spe|2\n|-enditem|p2b: Ceruledge|Weakness Policy\n|-boost|p2b: Ceruledge|atk|2|[from] item: Weakness Policy\n|-boost|p2b: Ceruledge|spa|2|[from] item: Weakness Policy\n|move|p2b: Ceruledge|Bulk Up|p2b: Ceruledge\n|-boost|p2b: Ceruledge|atk|1\n|-boost|p2b: Ceruledge|def|1\n|\n|-damage|p1b: FATMAN|39\/100 brn|[from] brn\n|upkeep\n|turn|8\n|c|\u2606Ytterby|oop ggs\n|c|\u2606Ytterby|cool team\n|\n|t:|1683019415\n|move|p2b: Ceruledge|Bitter Blade|p1b: FATMAN\n|-damage|p1b: FATMAN|0 fnt\n|-heal|p2b: Ceruledge|100\/100|[from] drain|[of] p1b: FATMAN\n|faint|p1b: FATMAN\n|\n|win|Daddicursa\n|raw|Ytterby's rating: 1235 → 1214<\/strong> (-21 for losing)\n|raw|Daddicursa's rating: 1295 → 1316<\/strong> (+21 for winning)\n","uploadtime":1683019421,"views":13,"p1id":"ytterby","p2id":"daddicursa","formatid":"gen9vgc2023regulationc","rating":1214,"private":0,"password":""}