{"id":"gen9vgc2023regulationc-1851430159","p1":"eQualFPS","p2":"Hadrian1917","format":"[Gen 9] VGC 2023 Regulation C","log":"|j|\u2606eQualFPS\n|j|\u2606Hadrian1917\n|t:|1682444479\n|gametype|doubles\n|player|p1|eQualFPS|266|1035\n|player|p2|Hadrian1917|brock|1116\n|teamsize|p1|6\n|teamsize|p2|6\n|gen|9\n|tier|[Gen 9] VGC 2023 Regulation C\n|rated|\n|rule|Species Clause: Limit one of each Pok\u00e9mon\n|rule|Item Clause: Limit one of each item\n|clearpoke\n|poke|p1|Chien-Pao, L50|\n|poke|p1|Palafin, L50, M|\n|poke|p1|Arcanine, L50, M|\n|poke|p1|Flutter Mane, L50|\n|poke|p1|Iron Bundle, L50|\n|poke|p1|Iron Hands, L50|\n|poke|p2|Flutter Mane, L50|\n|poke|p2|Arcanine, L50, M|\n|poke|p2|Baxcalibur, L50, M|\n|poke|p2|Ting-Lu, L50|\n|poke|p2|Gyarados, L50, F|\n|poke|p2|Amoonguss, L50, F|\n|teampreview|4\n|inactive|Battle timer is ON: inactive players will automatically lose when time's up. (requested by Hadrian1917)\n|inactive|eQualFPS has 60 seconds left.\n|inactive|eQualFPS has 30 seconds left.\n|\n|t:|1682444560\n|start\n|switch|p1a: Iron Hands|Iron Hands, L50|100\/100\n|switch|p1b: Palafin|Palafin, L50, M|100\/100\n|switch|p2a: Arcanine|Arcanine, L50, M|100\/100\n|switch|p2b: Baxcalibur|Baxcalibur, L50, M|100\/100\n|-ability|p2a: Arcanine|Intimidate|boost\n|-unboost|p1a: Iron Hands|atk|1\n|-unboost|p1b: Palafin|atk|1\n|turn|1\n|inactive|Hadrian1917 has 30 seconds left.\n|\n|t:|1682444585\n|detailschange|p1b: Palafin|Palafin-Hero, L50, M\n|switch|p1b: Arcanine|Arcanine, L50, M|100\/100\n|-ability|p1b: Arcanine|Intimidate|boost\n|-unboost|p2a: Arcanine|atk|1\n|-fail|p2b: Baxcalibur|unboost|[from] item: Clear Amulet|[of] p2b: Baxcalibur\n|-terastallize|p2b: Baxcalibur|Poison\n|move|p1a: Iron Hands|Fake Out|p2b: Baxcalibur\n|-damage|p2b: Baxcalibur|91\/100\n|cant|p2b: Baxcalibur|flinch\n|move|p2a: Arcanine|Howl|p2a: Arcanine|[spread] p2a,p2b\n|-boost|p2a: Arcanine|atk|1\n|-boost|p2b: Baxcalibur|atk|1\n|\n|upkeep\n|turn|2\n|inactive|eQualFPS has 30 seconds left.\n|inactive|Hadrian1917 has 30 seconds left.\n|\n|t:|1682444614\n|switch|p1b: Palafin|Palafin-Hero, L50, M|100\/100\n|-activate|p1b: Palafin|ability: Zero to Hero\n|move|p2a: Arcanine|Will-O-Wisp|p1a: Iron Hands\n|-status|p1a: Iron Hands|brn\n|move|p2b: Baxcalibur|Glaive Rush|p1b: Palafin\n|-damage|p1b: Palafin|15\/100\n|-singlemove|p2b: Baxcalibur|Glaive Rush|[silent]\n|move|p1a: Iron Hands|Drain Punch|p2b: Baxcalibur\n|-resisted|p2b: Baxcalibur\n|-damage|p2b: Baxcalibur|77\/100\n|\n|-damage|p1a: Iron Hands|94\/100 brn|[from] brn\n|upkeep\n|turn|3\n|\n|t:|1682444637\n|-end|p1a: Iron Hands|Quark Drive|[silent]\n|switch|p1a: Arcanine|Arcanine, L50, M|100\/100\n|-ability|p1a: Arcanine|Intimidate|boost\n|-unboost|p2a: Arcanine|atk|1\n|-fail|p2b: Baxcalibur|unboost|[from] item: Clear Amulet|[of] p2b: Baxcalibur\n|move|p1b: Palafin|Protect|p1b: Palafin\n|-singleturn|p1b: Palafin|Protect\n|move|p2a: Arcanine|Extreme Speed|p1b: Palafin\n|-activate|p1b: Palafin|move: Protect\n|move|p2b: Baxcalibur|Icicle Crash|p1a: Arcanine\n|-resisted|p1a: Arcanine\n|-damage|p1a: Arcanine|56\/100\n|\n|upkeep\n|turn|4\n|\n|t:|1682444661\n|switch|p1a: Chien-Pao|Chien-Pao, L50|100\/100\n|-ability|p1a: Chien-Pao|Sword of Ruin\n|switch|p2a: Gyarados|Gyarados, L50, F|100\/100\n|-ability|p2a: Gyarados|Intimidate|boost\n|-unboost|p1a: Chien-Pao|atk|1\n|-unboost|p1b: Palafin|atk|1\n|-terastallize|p1b: Palafin|Water\n|move|p1b: Palafin|Jet Punch|p2b: Baxcalibur\n|-damage|p2b: Baxcalibur|26\/100\n|move|p2b: Baxcalibur|Glaive Rush|p1a: Chien-Pao\n|-enditem|p1a: Chien-Pao|Focus Sash\n|-damage|p1a: Chien-Pao|1\/100\n|-singlemove|p2b: Baxcalibur|Glaive Rush|[silent]\n|\n|upkeep\n|turn|5\n|inactive|eQualFPS has 30 seconds left.\n|inactive|Hadrian1917 has 30 seconds left.\n|\n|t:|1682444688\n|switch|p2b: Arcanine|Arcanine, L50, M|100\/100\n|-ability|p2b: Arcanine|Intimidate|boost\n|-unboost|p1a: Chien-Pao|atk|1\n|-unboost|p1b: Palafin|atk|1\n|move|p1b: Palafin|Protect|p1b: Palafin\n|-singleturn|p1b: Palafin|Protect\n|move|p1a: Chien-Pao|Haze|p1a: Chien-Pao\n|-clearallboost\n|move|p2a: Gyarados|Waterfall|p1a: Chien-Pao\n|-damage|p1a: Chien-Pao|0 fnt\n|faint|p1a: Chien-Pao\n|\n|upkeep\n|\n|t:|1682444703\n|switch|p1a: Iron Hands|Iron Hands, L50|94\/100 brn\n|turn|6\n|\n|t:|1682444713\n|switch|p2b: Baxcalibur|Baxcalibur, L50, M, tera:Poison|26\/100\n|move|p1a: Iron Hands|Fake Out|p2b: Baxcalibur\n|-damage|p2b: Baxcalibur|18\/100\n|move|p1b: Palafin|Jet Punch|p2b: Baxcalibur\n|-damage|p2b: Baxcalibur|0 fnt\n|faint|p2b: Baxcalibur\n|move|p2a: Gyarados|Waterfall|p1b: Palafin\n|-resisted|p1b: Palafin\n|-damage|p1b: Palafin|0 fnt\n|faint|p1b: Palafin\n|\n|-damage|p1a: Iron Hands|88\/100 brn|[from] brn\n|upkeep\n|\n|t:|1682444727\n|switch|p2b: Flutter Mane|Flutter Mane, L50|100\/100\n|switch|p1b: Arcanine|Arcanine, L50, M|56\/100\n|-ability|p1b: Arcanine|Intimidate|boost\n|-unboost|p2a: Gyarados|atk|1\n|-unboost|p2b: Flutter Mane|atk|1\n|turn|7\n|\n|t:|1682444744\n|switch|p2a: Arcanine|Arcanine, L50, M|100\/100\n|-ability|p2a: Arcanine|Intimidate|boost\n|-unboost|p1a: Iron Hands|atk|1\n|-unboost|p1b: Arcanine|atk|1\n|move|p2b: Flutter Mane|Moonblast|p1a: Iron Hands\n|-supereffective|p1a: Iron Hands\n|-damage|p1a: Iron Hands|0 fnt\n|faint|p1a: Iron Hands\n|-end|p1a: Iron Hands|Quark Drive|[silent]\n|move|p1b: Arcanine|Will-O-Wisp|p2a: Arcanine\n|-immune|p2a: Arcanine\n|\n|upkeep\n|turn|8\n|-message|eQualFPS forfeited.\n|\n|win|Hadrian1917\n|raw|eQualFPS's rating: 1035 → 1023<\/strong> (-12 for losing)\n|raw|Hadrian1917's rating: 1116 → 1135<\/strong> (+19 for winning)\n|l|\u2606eQualFPS\n","uploadtime":1682444766,"views":7,"p1id":"equalfps","p2id":"hadrian1917","formatid":"gen9vgc2023regulationc","rating":1023,"private":0,"password":""}