{"id":"gen9vgc2023regulationc-1850380382","p1":"Icefanngs","p2":"Gioelepap97","format":"[Gen 9] VGC 2023 Regulation C","log":"|j|\u2606Icefanngs\n|j|\u2606Gioelepap97\n|t:|1682327984\n|gametype|doubles\n|player|p1|Icefanngs|2|1046\n|player|p2|Gioelepap97|101|1000\n|teamsize|p1|6\n|teamsize|p2|6\n|gen|9\n|tier|[Gen 9] VGC 2023 Regulation C\n|rated|\n|rule|Species Clause: Limit one of each Pok\u00e9mon\n|rule|Item Clause: Limit one of each item\n|clearpoke\n|poke|p1|Umbreon, L50, M|\n|poke|p1|Sylveon, L50, F|\n|poke|p1|Vaporeon, L50, F|\n|poke|p1|Jolteon, L50, M|\n|poke|p1|Espeon, L50, F|\n|poke|p1|Leafeon, L50, F|\n|poke|p2|Dondozo, L50, M|\n|poke|p2|Tatsugiri, L50, M|\n|poke|p2|Pelipper, L50, F|\n|poke|p2|Scizor, L50, M|\n|poke|p2|Annihilape, L50, M|\n|poke|p2|Maushold, L50|\n|teampreview|4\n|inactive|Battle timer is ON: inactive players will automatically lose when time's up. (requested by Icefanngs)\n|\n|t:|1682328037\n|start\n|switch|p1a: Vaporeon|Vaporeon, L50, F|100\/100\n|switch|p1b: Jolteon|Jolteon, L50, M|100\/100\n|switch|p2a: Annihilape|Annihilape, L50, M|100\/100\n|switch|p2b: Maushold|Maushold, L50|100\/100\n|-item|p1b: Jolteon|Air Balloon\n|turn|1\n|\n|t:|1682328059\n|move|p1a: Vaporeon|Protect|p1a: Vaporeon\n|-singleturn|p1a: Vaporeon|Protect\n|move|p2b: Maushold|Follow Me|p2b: Maushold\n|-singleturn|p2b: Maushold|move: Follow Me\n|move|p1b: Jolteon|Discharge|p2a: Annihilape|[spread] p2a,p2b\n|-activate|p1a: Vaporeon|move: Protect\n|-damage|p2a: Annihilape|82\/100\n|-damage|p2b: Maushold|63\/100\n|-status|p2b: Maushold|par\n|move|p2a: Annihilape|Bulk Up|p2a: Annihilape\n|-boost|p2a: Annihilape|atk|1\n|-boost|p2a: Annihilape|def|1\n|\n|-heal|p2a: Annihilape|87\/100|[from] item: Leftovers\n|upkeep\n|turn|2\n|inactive|Icefanngs has 30 seconds left.\n|inactive|Gioelepap97 has 30 seconds left.\n|inactive|Icefanngs has 20 seconds left.\n|inactive|Gioelepap97 has 20 seconds left.\n|inactive|Icefanngs has 15 seconds left.\n|inactive|Gioelepap97 has 15 seconds left.\n|inactive|Icefanngs has 10 seconds left.\n|\n|t:|1682328107\n|move|p2b: Maushold|Follow Me|p2b: Maushold\n|-singleturn|p2b: Maushold|move: Follow Me\n|move|p1b: Jolteon|Volt Switch|p2b: Maushold\n|-damage|p2b: Maushold|23\/100 par\n|\n|t:|1682328112\n|switch|p1b: Umbreon|Umbreon, L50, M, shiny|100\/100|[from] Volt Switch\n|move|p2a: Annihilape|Drain Punch|p1b: Umbreon\n|-supereffective|p1b: Umbreon\n|-enditem|p1b: Umbreon|Chople Berry|[eat]\n|-enditem|p1b: Umbreon|Chople Berry|[weaken]\n|-damage|p1b: Umbreon|58\/100\n|-heal|p2a: Annihilape|100\/100|[from] drain|[of] p1b: Umbreon\n|move|p1a: Vaporeon|Muddy Water|p2b: Maushold|[spread] p2b\n|-miss|p1a: Vaporeon|p2a: Annihilape\n|-damage|p2b: Maushold|0 fnt\n|faint|p2b: Maushold\n|\n|upkeep\n|\n|t:|1682328130\n|switch|p2b: Scizor|Scizor, L50, M|100\/100\n|turn|3\n|inactive|Icefanngs has 30 seconds left.\n|\n|t:|1682328158\n|switch|p2b: Pelipper|Pelipper, L50, F|100\/100\n|-weather|RainDance|[from] ability: Drizzle|[of] p2b: Pelipper\n|move|p2a: Annihilape|Protect|p2a: Annihilape\n|-singleturn|p2a: Annihilape|Protect\n|move|p1b: Umbreon|Foul Play|p2a: Annihilape\n|-activate|p2a: Annihilape|move: Protect\n|move|p1a: Vaporeon|Yawn|p2b: Pelipper\n|-start|p2b: Pelipper|move: Yawn|[of] p1a: Vaporeon\n|\n|-weather|RainDance|[upkeep]\n|upkeep\n|turn|4\n|\n|t:|1682328181\n|move|p1b: Umbreon|Protect|p1b: Umbreon\n|-singleturn|p1b: Umbreon|Protect\n|move|p2b: Pelipper|Wide Guard|p2b: Pelipper\n|-singleturn|p2b: Pelipper|Wide Guard\n|move|p2a: Annihilape|Drain Punch|p1b: Umbreon\n|-activate|p1b: Umbreon|move: Protect\n|move|p1a: Vaporeon|Yawn|p2a: Annihilape\n|-start|p2a: Annihilape|move: Yawn|[of] p1a: Vaporeon\n|\n|-weather|RainDance|[upkeep]\n|-end|p2b: Pelipper|move: Yawn|[silent]\n|-status|p2b: Pelipper|slp\n|upkeep\n|turn|5\n|inactive|Icefanngs has 30 seconds left.\n|inactive|Icefanngs has 20 seconds left.\n|\n|t:|1682328219\n|switch|p2a: Scizor|Scizor, L50, M|100\/100\n|move|p1b: Umbreon|Helping Hand|p1a: Vaporeon\n|-singleturn|p1a: Vaporeon|Helping Hand|[of] p1b: Umbreon\n|cant|p2b: Pelipper|slp\n|move|p1a: Vaporeon|Muddy Water|p2a: Scizor|[spread] p2a,p2b\n|-resisted|p2b: Pelipper\n|-damage|p2a: Scizor|0 fnt\n|-damage|p2b: Pelipper|45\/100 slp\n|faint|p2a: Scizor\n|\n|-weather|RainDance|[upkeep]\n|upkeep\n|-message|Gioelepap97 forfeited.\n|\n|win|Icefanngs\n|raw|Icefanngs's rating: 1046 → 1075<\/strong> (+29 for winning)\n|raw|Gioelepap97's rating: 1000 → 1000<\/strong> (+0 for losing)\n|l|\u2606Gioelepap97\n","uploadtime":1682328238,"views":21,"p1id":"icefanngs","p2id":"gioelepap97","formatid":"gen9vgc2023regulationc","rating":1000,"private":0,"password":""}