{"id":"gen9vgc2023regulationc-1855839667","p1":"Draco Jack17","p2":"leafyarrow","format":"[Gen 9] VGC 2023 Regulation C","log":"|j|\u2606Draco Jack17\n|j|\u2606leafyarrow\n|t:|1682990340\n|gametype|doubles\n|player|p1|Draco Jack17|n|1292\n|player|p2|leafyarrow|leaf-gen3|1299\n|teamsize|p1|6\n|teamsize|p2|6\n|gen|9\n|tier|[Gen 9] VGC 2023 Regulation C\n|rated|\n|rule|Species Clause: Limit one of each Pok\u00e9mon\n|rule|Item Clause: Limit one of each item\n|clearpoke\n|poke|p1|Jumpluff, L50, M|\n|poke|p1|Torkoal, L50, M|\n|poke|p1|Flutter Mane, L50|\n|poke|p1|Chien-Pao, L50|\n|poke|p1|Great Tusk, L50|\n|poke|p1|Kingambit, L50, M|\n|poke|p2|Flutter Mane, L50|\n|poke|p2|Palafin, L50, F|\n|poke|p2|Amoonguss, L50, F|\n|poke|p2|Ting-Lu, L50|\n|poke|p2|Arcanine, L50, M|\n|poke|p2|Kingambit, L50, F|\n|teampreview|4\nleafyarrow has agreed to open team sheets.\n|\n|t:|1682990387\n|start\n|switch|p1a: Jumpluff|Jumpluff, L50, M|100\/100\n|switch|p1b: Torkoal|Torkoal, L50, M|100\/100\n|switch|p2a: Arcanine|Arcanine, L50, M|100\/100\n|switch|p2b: Amoonguss|Amoonguss, L50, F|100\/100\n|-ability|p2a: Arcanine|Intimidate|boost\n|-unboost|p1a: Jumpluff|atk|1\n|-unboost|p1b: Torkoal|atk|1\n|-enditem|p1b: Torkoal|Eject Pack\n|\n|t:|1682990403\n|switch|p1b: Great Tusk|Great Tusk, L50|100\/100\n|turn|1\n|\n|t:|1682990469\n|switch|p2a: Ting-Lu|Ting-Lu, L50|100\/100\n|-ability|p2a: Ting-Lu|Vessel of Ruin\n|move|p1b: Great Tusk|Headlong Rush|p2a: Ting-Lu\n|-damage|p2a: Ting-Lu|68\/100\n|-unboost|p1b: Great Tusk|def|1\n|-unboost|p1b: Great Tusk|spd|1\n|move|p1a: Jumpluff|Tailwind|p1a: Jumpluff\n|-sidestart|p1: Draco Jack17|move: Tailwind\n|move|p2b: Amoonguss|Spore|p1b: Great Tusk\n|-status|p1b: Great Tusk|slp|[from] move: Spore\n|\n|upkeep\n|turn|2\n|\n|t:|1682990495\n|switch|p2b: Arcanine|Arcanine, L50, M|100\/100\n|-ability|p2b: Arcanine|Intimidate|boost\n|-unboost|p1a: Jumpluff|atk|1\n|-unboost|p1b: Great Tusk|atk|1\n|cant|p1b: Great Tusk|slp\n|move|p1a: Jumpluff|Encore||[still]\n|-fail|p1a: Jumpluff\n|move|p2a: Ting-Lu|Stomping Tantrum|p1b: Great Tusk\n|-damage|p1b: Great Tusk|68\/100 slp\n|\n|upkeep\n|turn|3\n|\n|t:|1682990535\n|switch|p1a: Torkoal|Torkoal, L50, M|100\/100\n|-weather|SunnyDay|[from] ability: Drought|[of] p1a: Torkoal\n|-activate|p1b: Great Tusk|ability: Protosynthesis\n|-start|p1b: Great Tusk|protosynthesisspe\n|-curestatus|p1b: Great Tusk|slp|[msg]\n|move|p1b: Great Tusk|Headlong Rush|p2b: Arcanine\n|-supereffective|p2b: Arcanine\n|-damage|p2b: Arcanine|15\/100\n|-unboost|p1b: Great Tusk|def|1\n|-unboost|p1b: Great Tusk|spd|1\n|move|p2b: Arcanine|Flare Blitz|p1b: Great Tusk\n|-damage|p1b: Great Tusk|0 fnt\n|faint|p1b: Great Tusk\n|-end|p1b: Great Tusk|Protosynthesis|[silent]\n|-damage|p2b: Arcanine|0 fnt|[from] Recoil\n|faint|p2b: Arcanine\n|move|p2a: Ting-Lu|Stomping Tantrum|p1a: Torkoal\n|-supereffective|p1a: Torkoal\n|-damage|p1a: Torkoal|53\/100\n|\n|-weather|SunnyDay|[upkeep]\n|upkeep\n|\n|t:|1682990607\n|switch|p1b: Jumpluff|Jumpluff, L50, M|100\/100\n|switch|p2b: Flutter Mane|Flutter Mane, L50|100\/100\n|-activate|p2b: Flutter Mane|ability: Protosynthesis\n|-start|p2b: Flutter Mane|protosynthesisspe\n|turn|4\n|\n|t:|1682990635\n|-end|p2b: Flutter Mane|Protosynthesis|[silent]\n|switch|p2b: Amoonguss|Amoonguss, L50, F|100\/100\n|move|p1b: Jumpluff|Sleep Powder|p2a: Ting-Lu|[miss]\n|-miss|p1b: Jumpluff|p2a: Ting-Lu\n|move|p1a: Torkoal|Fissure|p2b: Amoonguss|[miss]\n|-miss|p1a: Torkoal|p2b: Amoonguss\n|move|p2a: Ting-Lu|Stomping Tantrum|p1a: Torkoal\n|-supereffective|p1a: Torkoal\n|-damage|p1a: Torkoal|9\/100\n|\n|-weather|SunnyDay|[upkeep]\n|-sideend|p1: Draco Jack17|move: Tailwind\n|upkeep\n|turn|5\n|\n|t:|1682990654\n|move|p1b: Jumpluff|Sleep Powder|p2a: Ting-Lu\n|-status|p2a: Ting-Lu|slp|[from] move: Sleep Powder\n|cant|p2a: Ting-Lu|slp\n|move|p1a: Torkoal|Overheat|p2b: Amoonguss\n|-supereffective|p2b: Amoonguss\n|-damage|p2b: Amoonguss|21\/100\n|-unboost|p1a: Torkoal|spa|2\n|-enditem|p2b: Amoonguss|Sitrus Berry|[eat]\n|-heal|p2b: Amoonguss|46\/100|[from] item: Sitrus Berry\n|move|p2b: Amoonguss|Pollen Puff|p2a: Ting-Lu\n|-heal|p2a: Ting-Lu|100\/100 slp\n|\n|-weather|SunnyDay|[upkeep]\n|upkeep\n|turn|6\n|\n|t:|1682990680\n|move|p1b: Jumpluff|Tailwind|p1b: Jumpluff\n|-sidestart|p1: Draco Jack17|move: Tailwind\n|move|p1a: Torkoal|Overheat|p2b: Amoonguss\n|-supereffective|p2b: Amoonguss\n|-damage|p2b: Amoonguss|8\/100\n|-unboost|p1a: Torkoal|spa|2\n|cant|p2a: Ting-Lu|slp\n|move|p2b: Amoonguss|Spore|p1a: Torkoal\n|-status|p1a: Torkoal|slp|[from] move: Spore\n|\n|-weather|SunnyDay|[upkeep]\n|upkeep\n|turn|7\n|\n|t:|1682990712\n|cant|p1a: Torkoal|slp\n|move|p1b: Jumpluff|Sleep Powder|p2b: Amoonguss\n|-immune|p2b: Amoonguss\n|-curestatus|p2a: Ting-Lu|slp|[msg]\n|move|p2a: Ting-Lu|Ruination|p1b: Jumpluff\n|-damage|p1b: Jumpluff|51\/100\n|move|p2b: Amoonguss|Pollen Puff|p1a: Torkoal\n|-resisted|p1a: Torkoal\n|-damage|p1a: Torkoal|2\/100 slp\n|\n|-weather|none\n|upkeep\n|turn|8\n|\n|t:|1682990751\n|switch|p2b: Flutter Mane|Flutter Mane, L50|100\/100\n|-curestatus|p1a: Torkoal|slp|[msg]\n|move|p1a: Torkoal|Helping Hand|p1b: Jumpluff\n|-singleturn|p1b: Jumpluff|Helping Hand|[of] p1a: Torkoal\n|move|p1b: Jumpluff|Leaf Storm|p2a: Ting-Lu\n|-supereffective|p2a: Ting-Lu\n|-crit|p2a: Ting-Lu\n|-damage|p2a: Ting-Lu|61\/100\n|-unboost|p1b: Jumpluff|spa|2\n|move|p2a: Ting-Lu|Heavy Slam|p1b: Jumpluff\n|-damage|p1b: Jumpluff|17\/100\n|\n|upkeep\n|turn|9\n|\n|t:|1682990811\n|-end|p2b: Flutter Mane|Protosynthesis|[silent]\n|switch|p2b: Amoonguss|Amoonguss, L50, F|41\/100\n|move|p1b: Jumpluff|Sleep Powder|p2b: Amoonguss\n|-immune|p2b: Amoonguss\n|move|p1a: Torkoal|Fissure|p2a: Ting-Lu|[miss]\n|-miss|p1a: Torkoal|p2a: Ting-Lu\n|move|p2a: Ting-Lu|Heavy Slam|p1b: Jumpluff\n|-damage|p1b: Jumpluff|0 fnt\n|faint|p1b: Jumpluff\n|\n|-sideend|p1: Draco Jack17|move: Tailwind\n|upkeep\n|\n|t:|1682990820\n|switch|p1b: POW|Chien-Pao, L50|100\/100\n|-ability|p1b: POW|Sword of Ruin\n|turn|10\n|\n|t:|1682990853\n|-terastallize|p2b: Amoonguss|Water\n|move|p1b: POW|Protect|p1b: POW\n|-singleturn|p1b: POW|Protect\n|move|p2b: Amoonguss|Rage Powder|p2b: Amoonguss\n|-singleturn|p2b: Amoonguss|move: Rage Powder\n|move|p2a: Ting-Lu|Heavy Slam|p1b: POW\n|-activate|p1b: POW|move: Protect\n|move|p1a: Torkoal|Overheat|p2b: Amoonguss\n|-resisted|p2b: Amoonguss\n|-damage|p2b: Amoonguss|37\/100\n|-unboost|p1a: Torkoal|spa|2\n|\n|upkeep\n|turn|11\n|\n|t:|1682990874\n|-terastallize|p1b: POW|Ghost\n|move|p2b: Amoonguss|Rage Powder|p2b: Amoonguss\n|-singleturn|p2b: Amoonguss|move: Rage Powder\n|move|p1b: POW|Sacred Sword|p2b: Amoonguss\n|-damage|p2b: Amoonguss|7\/100\n|move|p2a: Ting-Lu|Heavy Slam|p1b: POW\n|-damage|p1b: POW|64\/100\n|move|p1a: Torkoal|Fissure|p2b: Amoonguss\n|-damage|p2b: Amoonguss|0 fnt\n|faint|p2b: Amoonguss\n|-ohko\n|\n|upkeep\n|\n|t:|1682990886\n|switch|p2b: Flutter Mane|Flutter Mane, L50|100\/100\n|turn|12\n|\n|t:|1682990895\n|move|p1a: Torkoal|Helping Hand|p1b: POW\n|-singleturn|p1b: POW|Helping Hand|[of] p1a: Torkoal\n|move|p1b: POW|Sucker Punch|p2b: Flutter Mane\n|-damage|p2b: Flutter Mane|0 fnt\n|faint|p2b: Flutter Mane\n|-end|p2b: Flutter Mane|Protosynthesis|[silent]\n|move|p2a: Ting-Lu|Stomping Tantrum|p1b: POW\n|-damage|p1b: POW|24\/100\n|\n|upkeep\n|turn|13\n|\n|t:|1682990923\n|move|p1a: Torkoal|Helping Hand|p1b: POW\n|-singleturn|p1b: POW|Helping Hand|[of] p1a: Torkoal\n|move|p1b: POW|Icicle Crash|p2a: Ting-Lu\n|-supereffective|p2a: Ting-Lu\n|-damage|p2a: Ting-Lu|0 fnt\n|faint|p2a: Ting-Lu\n|\n|win|Draco Jack17\n|raw|Draco Jack17's rating: 1292 → 1318<\/strong> (+26 for winning)\n|raw|leafyarrow's rating: 1299 → 1273<\/strong> (-26 for losing)\n|c|\u2606Draco Jack17|ggwo\n|c|\u2606Draco Jack17|wp*\n|c|\u2606leafyarrow|gg\n","uploadtime":1682990984,"views":15,"p1id":"dracojack17","p2id":"leafyarrow","formatid":"gen9vgc2023regulationc","rating":1273,"private":0,"password":""}