{"id":"gen9vgc2023regulationc-1860660553","p1":"Piccolo Ruiz","p2":"rtjonesy","format":"[Gen 9] VGC 2023 Regulation C","log":"|j|\u2606Piccolo Ruiz\n|j|\u2606rtjonesy\n|t:|1683663543\n|gametype|doubles\n|player|p1|Piccolo Ruiz|valerie|1370\n|player|p2|rtjonesy|infielder|1326\n|teamsize|p1|6\n|teamsize|p2|6\n|gen|9\n|tier|[Gen 9] VGC 2023 Regulation C\n|rated|\n|rule|Species Clause: Limit one of each Pok\u00e9mon\n|rule|Item Clause: Limit one of each item\n|clearpoke\n|poke|p1|Flutter Mane, L50|\n|poke|p1|Amoonguss, L50, F|\n|poke|p1|Gyarados, L50, F|\n|poke|p1|Chi-Yu, L50|\n|poke|p1|Ting-Lu, L50|\n|poke|p1|Baxcalibur, L50, F|\n|poke|p2|Grimmsnarl, L50, M|\n|poke|p2|Ting-Lu, L50|\n|poke|p2|Annihilape, L50, M|\n|poke|p2|Flutter Mane, L50|\n|poke|p2|Chi-Yu, L50|\n|poke|p2|Arcanine, L50, F|\n|teampreview|4\n|inactive|Battle timer is ON: inactive players will automatically lose when time's up. (requested by Piccolo Ruiz)\n|inactive|Piccolo Ruiz has 60 seconds left.\n|inactive|rtjonesy has 60 seconds left.\n|j| trickstersdg\n|inactive|Piccolo Ruiz has 30 seconds left.\n|inactive|Piccolo Ruiz has 20 seconds left.\n|inactive|Piccolo Ruiz has 15 seconds left.\n|inactive|Piccolo Ruiz has 10 seconds left.\n|\n|t:|1683663625\n|start\n|switch|p1a: Ting-Lu|Ting-Lu, L50|100\/100\n|switch|p1b: Amoonguss|Amoonguss, L50, F, shiny|100\/100\n|switch|p2a: Grimmsnarl|Grimmsnarl, L50, M|100\/100\n|switch|p2b: Annihilape|Annihilape, L50, M|100\/100\n|-ability|p1a: Ting-Lu|Vessel of Ruin\n|turn|1\n|inactive|Piccolo Ruiz has 30 seconds left.\n|inactive|Piccolo Ruiz has 20 seconds left.\n|inactive|Piccolo Ruiz has 15 seconds left.\n|\n|t:|1683663669\n|switch|p2b: Arcanine|Arcanine, L50, F|100\/100\n|-ability|p2b: Arcanine|Intimidate|boost\n|-unboost|p1a: Ting-Lu|atk|1\n|-unboost|p1b: Amoonguss|atk|1\n|move|p2a: Grimmsnarl|Reflect|p2a: Grimmsnarl\n|-sidestart|p2: rtjonesy|Reflect\n|move|p1a: Ting-Lu|Heavy Slam|p2a: Grimmsnarl\n|-supereffective|p2a: Grimmsnarl\n|-damage|p2a: Grimmsnarl|72\/100\n|move|p1b: Amoonguss|Spore|p2b: Arcanine\n|-activate|p2b: Arcanine|item: Safety Goggles|Spore\n|\n|upkeep\n|turn|2\n|inactive|Piccolo Ruiz has 30 seconds left.\n|inactive|rtjonesy has 30 seconds left.\n|inactive|Piccolo Ruiz has 20 seconds left.\n|inactive|Piccolo Ruiz has 15 seconds left.\n|inactive|Piccolo Ruiz has 10 seconds left.\n|inactive|Piccolo Ruiz has 5 seconds left.\n|\n|t:|1683663722\n|switch|p1b: Bianca|Gyarados, L50, F, shiny|100\/100\n|-ability|p1b: Bianca|Intimidate|boost\n|-unboost|p2a: Grimmsnarl|atk|1\n|-unboost|p2b: Arcanine|atk|1\n|move|p2b: Arcanine|Flare Blitz|p1b: Bianca\n|-resisted|p1b: Bianca\n|-damage|p1b: Bianca|82\/100\n|-damage|p2b: Arcanine|94\/100|[from] Recoil\n|move|p2a: Grimmsnarl|Spirit Break|p1a: Ting-Lu\n|-supereffective|p1a: Ting-Lu\n|-damage|p1a: Ting-Lu|78\/100\n|-unboost|p1a: Ting-Lu|spa|1\n|move|p1a: Ting-Lu|Rock Tomb|p2b: Arcanine\n|-supereffective|p2b: Arcanine\n|-damage|p2b: Arcanine|76\/100\n|-unboost|p2b: Arcanine|spe|1\n|\n|upkeep\n|turn|3\n|inactive|Piccolo Ruiz has 30 seconds left.\n|inactive|rtjonesy has 30 seconds left.\n|inactive|Piccolo Ruiz has 20 seconds left.\n|inactive|Piccolo Ruiz has 15 seconds left.\n|\n|t:|1683663765\n|move|p2a: Grimmsnarl|Scary Face|p1b: Bianca\n|-unboost|p1b: Bianca|spe|2\n|move|p2b: Arcanine|Will-O-Wisp|p1a: Ting-Lu\n|-status|p1a: Ting-Lu|brn\n|move|p1a: Ting-Lu|Ruination|p2a: Grimmsnarl|[miss]\n|-miss|p1a: Ting-Lu|p2a: Grimmsnarl\n|move|p1b: Bianca|Taunt|p2b: Arcanine\n|-start|p2b: Arcanine|move: Taunt\n|\n|-damage|p1a: Ting-Lu|72\/100 brn|[from] brn\n|upkeep\n|turn|4\n|inactive|Piccolo Ruiz has 30 seconds left.\n|inactive|rtjonesy has 30 seconds left.\n|\n|t:|1683663799\n|switch|p2b: Annihilape|Annihilape, L50, M|100\/100\n|move|p2a: Grimmsnarl|Spirit Break|p1b: Bianca\n|-damage|p1b: Bianca|65\/100\n|-unboost|p1b: Bianca|spa|1\n|move|p1a: Ting-Lu|Ruination|p2a: Grimmsnarl|[miss]\n|-miss|p1a: Ting-Lu|p2a: Grimmsnarl\n|move|p1b: Bianca|Thunder Wave|p2b: Annihilape\n|-status|p2b: Annihilape|par\n|\n|-damage|p1a: Ting-Lu|66\/100 brn|[from] brn\n|upkeep\n|turn|5\n|inactive|Piccolo Ruiz has 30 seconds left.\n|inactive|Piccolo Ruiz has 20 seconds left.\n|inactive|Piccolo Ruiz has 15 seconds left.\n|inactive|Piccolo Ruiz has 10 seconds left.\n|\n|t:|1683663845\n|switch|p2a: Arcanine|Arcanine, L50, F|76\/100\n|-ability|p2a: Arcanine|Intimidate|boost\n|-unboost|p1a: Ting-Lu|atk|1\n|-unboost|p1b: Bianca|atk|1\n|switch|p1b: Sasha Colby|Flutter Mane, L50|100\/100\n|-enditem|p1b: Sasha Colby|Booster Energy\n|-activate|p1b: Sasha Colby|ability: Protosynthesis|[fromitem]\n|-start|p1b: Sasha Colby|protosynthesisspa\n|move|p1a: Ting-Lu|Ruination|p2b: Annihilape\n|-damage|p2b: Annihilape|51\/100 par\n|move|p2b: Annihilape|Bulk Up|p2b: Annihilape\n|-boost|p2b: Annihilape|atk|1\n|-boost|p2b: Annihilape|def|1\n|\n|-heal|p2b: Annihilape|57\/100 par|[from] item: Leftovers\n|-damage|p1a: Ting-Lu|60\/100 brn|[from] brn\n|upkeep\n|turn|6\n|inactive|Piccolo Ruiz has 30 seconds left.\n|inactive|rtjonesy has 30 seconds left.\n|inactive|Piccolo Ruiz has 20 seconds left.\n|inactive|rtjonesy has 20 seconds left.\n|\n|t:|1683663892\n|switch|p2a: Grimmsnarl|Grimmsnarl, L50, M|72\/100\n|switch|p1a: Amoonguss|Amoonguss, L50, F, shiny|100\/100\n|-terastallize|p2b: Annihilape|Fire\n|move|p1b: Sasha Colby|Protect|p1b: Sasha Colby\n|-singleturn|p1b: Sasha Colby|Protect\n|cant|p2b: Annihilape|par\n|\n|-heal|p2b: Annihilape|63\/100 par|[from] item: Leftovers\n|upkeep\n|turn|7\n|inactive|Piccolo Ruiz has 30 seconds left.\n|inactive|rtjonesy has 30 seconds left.\n|\n|t:|1683663921\n|move|p2b: Annihilape|Protect|p2b: Annihilape\n|-singleturn|p2b: Annihilape|Protect\n|move|p1a: Amoonguss|Rage Powder|p1a: Amoonguss\n|-singleturn|p1a: Amoonguss|move: Rage Powder\n|move|p2a: Grimmsnarl|Light Screen|p2a: Grimmsnarl\n|-sidestart|p2: rtjonesy|move: Light Screen\n|move|p1b: Sasha Colby|Shadow Ball|p2b: Annihilape\n|-activate|p2b: Annihilape|move: Protect\n|\n|-heal|p2b: Annihilape|69\/100 par|[from] item: Leftovers\n|upkeep\n|turn|8\n|\n|t:|1683663934\n|move|p1a: Amoonguss|Rage Powder|p1a: Amoonguss\n|-singleturn|p1a: Amoonguss|move: Rage Powder\n|move|p2a: Grimmsnarl|Scary Face|p1a: Amoonguss\n|-unboost|p1a: Amoonguss|spe|2\n|move|p1b: Sasha Colby|Shadow Ball|p2b: Annihilape\n|-damage|p2b: Annihilape|39\/100 par\n|move|p2b: Annihilape|Rage Fist|p1a: Amoonguss\n|-damage|p1a: Amoonguss|33\/100\n|-enditem|p1a: Amoonguss|Sitrus Berry|[eat]\n|-heal|p1a: Amoonguss|58\/100|[from] item: Sitrus Berry\n|\n|-heal|p2b: Annihilape|46\/100 par|[from] item: Leftovers\n|-sideend|p2: rtjonesy|Reflect\n|upkeep\n|turn|9\n|inactive|Piccolo Ruiz has 30 seconds left.\n|\n|t:|1683663960\n|move|p1a: Amoonguss|Rage Powder|p1a: Amoonguss\n|-singleturn|p1a: Amoonguss|move: Rage Powder\n|move|p2a: Grimmsnarl|Scary Face|p1a: Amoonguss\n|-unboost|p1a: Amoonguss|spe|2\n|move|p1b: Sasha Colby|Moonblast|p2a: Grimmsnarl\n|-supereffective|p2a: Grimmsnarl\n|-damage|p2a: Grimmsnarl|0 fnt\n|faint|p2a: Grimmsnarl\n|cant|p2b: Annihilape|par\n|\n|-heal|p2b: Annihilape|52\/100 par|[from] item: Leftovers\n|upkeep\n|\n|t:|1683663971\n|switch|p2a: Chi-Yu|Chi-Yu, L50|100\/100\n|-ability|p2a: Chi-Yu|Beads of Ruin\n|turn|10\n|inactive|Piccolo Ruiz has 30 seconds left.\n|inactive|Piccolo Ruiz has 20 seconds left.\n|\n|t:|1683664011\n|-terastallize|p1a: Amoonguss|Water\n|move|p1a: Amoonguss|Rage Powder|p1a: Amoonguss\n|-singleturn|p1a: Amoonguss|move: Rage Powder\n|move|p2a: Chi-Yu|Heat Wave|p1a: Amoonguss|[spread] p1a,p1b\n|-resisted|p1a: Amoonguss\n|-damage|p1a: Amoonguss|37\/100\n|-damage|p1b: Sasha Colby|47\/100\n|move|p1b: Sasha Colby|Shadow Ball|p2b: Annihilape\n|-damage|p2b: Annihilape|10\/100 par\n|-unboost|p2b: Annihilape|spd|1\n|-ability|p2b: Annihilape|Defiant|boost\n|-boost|p2b: Annihilape|atk|2\n|move|p2b: Annihilape|Rage Fist|p1a: Amoonguss\n|-damage|p1a: Amoonguss|0 fnt\n|faint|p1a: Amoonguss\n|\n|-heal|p2b: Annihilape|16\/100 par|[from] item: Leftovers\n|upkeep\n|inactive|Piccolo Ruiz has 30 seconds left.\n|inactive|Piccolo Ruiz has 20 seconds left.\n|inactive|Piccolo Ruiz has 15 seconds left.\n|\n|t:|1683664054\n|switch|p1a: Bianca|Gyarados, L50, F, shiny|65\/100\n|-ability|p1a: Bianca|Intimidate|boost\n|-unboost|p2a: Chi-Yu|atk|1\n|-unboost|p2b: Annihilape|atk|1\n|-ability|p2b: Annihilape|Defiant|boost\n|-boost|p2b: Annihilape|atk|2\n|turn|11\n|inactive|Piccolo Ruiz has 30 seconds left.\n|inactive|rtjonesy has 30 seconds left.\n|inactive|Piccolo Ruiz has 20 seconds left.\n|inactive|Piccolo Ruiz has 15 seconds left.\n|inactive|Piccolo Ruiz has 10 seconds left.\n|\n|t:|1683664097\n|-end|p1b: Sasha Colby|Protosynthesis|[silent]\n|switch|p1b: Ting-Lu|Ting-Lu, L50|60\/100 brn\n|-ability|p1b: Ting-Lu|Vessel of Ruin\n|switch|p2b: Arcanine|Arcanine, L50, F|76\/100\n|-ability|p2b: Arcanine|Intimidate|boost\n|-unboost|p1a: Bianca|atk|1\n|-unboost|p1b: Ting-Lu|atk|1\n|move|p2a: Chi-Yu|Heat Wave|p1a: Bianca|[spread] p1a,p1b\n|-resisted|p1a: Bianca\n|-damage|p1a: Bianca|50\/100\n|-damage|p1b: Ting-Lu|40\/100 brn\n|move|p1a: Bianca|Waterfall|p2b: Arcanine\n|-supereffective|p2b: Arcanine\n|-damage|p2b: Arcanine|27\/100\n|\n|-damage|p1b: Ting-Lu|34\/100 brn|[from] brn\n|upkeep\n|turn|12\n|inactive|Piccolo Ruiz has 10 seconds left this turn.\n|inactive|Piccolo Ruiz has 5 seconds left.\n|inactive|rtjonesy has 30 seconds left.\n|\n|t:|1683664126\n|switch|p2a: Annihilape|Annihilape, L50, M, tera:Fire|16\/100 par\n|move|p2b: Arcanine|Will-O-Wisp|p1a: Bianca|[miss]\n|-miss|p2b: Arcanine|p1a: Bianca\n|move|p1a: Bianca|Thunder Wave|p2a: Annihilape|[miss]\n|-miss|p1a: Bianca|p2a: Annihilape\n|move|p1b: Ting-Lu|Stomping Tantrum|p2b: Arcanine\n|-supereffective|p2b: Arcanine\n|-damage|p2b: Arcanine|4\/100\n|\n|-heal|p2a: Annihilape|22\/100 par|[from] item: Leftovers\n|-damage|p1b: Ting-Lu|29\/100 brn|[from] brn\n|upkeep\n|turn|13\n|inactive|Piccolo Ruiz has 5 seconds left this turn.\n|\n|t:|1683664141\n|move|p2a: Annihilape|Protect|p2a: Annihilape\n|-singleturn|p2a: Annihilape|Protect\n|move|p2b: Arcanine|Will-O-Wisp|p1a: Bianca\n|-status|p1a: Bianca|brn\n|move|p1a: Bianca|Waterfall|p2a: Annihilape\n|-activate|p2a: Annihilape|move: Protect\n|move|p1b: Ting-Lu|Stomping Tantrum|p2b: Arcanine\n|-supereffective|p2b: Arcanine\n|-damage|p2b: Arcanine|0 fnt\n|faint|p2b: Arcanine\n|\n|-heal|p2a: Annihilape|28\/100 par|[from] item: Leftovers\n|-damage|p1a: Bianca|44\/100 brn|[from] brn\n|-damage|p1b: Ting-Lu|23\/100 brn|[from] brn\n|upkeep\n|inactive|Piccolo Ruiz has 5 seconds left this turn.\n|\n|t:|1683664153\n|switch|p2b: Chi-Yu|Chi-Yu, L50|100\/100\n|-ability|p2b: Chi-Yu|Beads of Ruin\n|turn|14\n|inactive|Piccolo Ruiz has 5 seconds left this turn.\n|\n|t:|1683664164\n|move|p2b: Chi-Yu|Dark Pulse|p1a: Bianca\n|-crit|p1a: Bianca\n|-damage|p1a: Bianca|0 fnt\n|faint|p1a: Bianca\n|move|p1b: Ting-Lu|Stomping Tantrum|p2a: Annihilape\n|-supereffective|p2a: Annihilape\n|-damage|p2a: Annihilape|12\/100 par\n|move|p2a: Annihilape|Drain Punch|p1b: Ting-Lu\n|-supereffective|p1b: Ting-Lu\n|-damage|p1b: Ting-Lu|0 fnt\n|-heal|p2a: Annihilape|25\/100 par|[from] drain|[of] p1b: Ting-Lu\n|faint|p1b: Ting-Lu\n|\n|-heal|p2a: Annihilape|31\/100 par|[from] item: Leftovers\n|-sideend|p2: rtjonesy|move: Light Screen\n|upkeep\n|inactive|Piccolo Ruiz has 5 seconds left this turn.\n|\n|t:|1683664166\n|switch|p1a: Sasha Colby|Flutter Mane, L50|47\/100\n|turn|15\n|inactive|Piccolo Ruiz has 5 seconds left this turn.\n|-message|Piccolo Ruiz lost due to inactivity.\n|\n|win|rtjonesy\n|raw|Piccolo Ruiz's rating: 1370 → 1347<\/strong> (-23 for losing)\n|raw|rtjonesy's rating: 1326 → 1349<\/strong> (+23 for winning)\n|l|\u2606rtjonesy\n|l| trickstersdg\n","uploadtime":1683664731,"views":14,"p1id":"piccoloruiz","p2id":"rtjonesy","formatid":"gen9vgc2023regulationc","rating":1347,"private":0,"password":""}