{"id":"gen9vgc2023regulationc-1857828804","p1":"Hadrian1917","p2":"TheLoyalBandito","format":"[Gen 9] VGC 2023 Regulation C","log":"|j|\u2606Hadrian1917\n|j|\u2606TheLoyalBandito\n|t:|1683236172\n|gametype|doubles\n|player|p1|Hadrian1917|brock|1098\n|player|p2|TheLoyalBandito|morty-gen2|1075\n|teamsize|p1|6\n|teamsize|p2|6\n|gen|9\n|tier|[Gen 9] VGC 2023 Regulation C\n|rated|\n|rule|Species Clause: Limit one of each Pok\u00e9mon\n|rule|Item Clause: Limit one of each item\n|clearpoke\n|poke|p1|Flutter Mane, L50|\n|poke|p1|Chi-Yu, L50|\n|poke|p1|Iron Hands, L50|\n|poke|p1|Ting-Lu, L50|\n|poke|p1|Gyarados, L50, F|\n|poke|p1|Amoonguss, L50, M|\n|poke|p2|Chi-Yu, L50|\n|poke|p2|Chien-Pao, L50|\n|poke|p2|Maushold, L50|\n|poke|p2|Flutter Mane, L50|\n|poke|p2|Palafin, L50, F|\n|poke|p2|Ting-Lu, L50|\n|teampreview|4\n|inactive|Battle timer is ON: inactive players will automatically lose when time's up. (requested by TheLoyalBandito)\nTheLoyalBandito has agreed to open team sheets.\n|inactive|Hadrian1917 has 60 seconds left.\n|inactive|Hadrian1917 has 30 seconds left.\n|inactive|Hadrian1917 has 20 seconds left.\n|inactive|Hadrian1917 has 15 seconds left.\n|inactive|Hadrian1917 has 10 seconds left.\n|\n|t:|1683236253\n|start\n|switch|p1a: Iron Hands|Iron Hands, L50|100\/100\n|switch|p1b: Gyarados|Gyarados, L50, F|100\/100\n|switch|p2a: Maushold|Maushold, L50|100\/100\n|switch|p2b: Palafin|Palafin, L50, F|100\/100\n|-ability|p1b: Gyarados|Intimidate|boost\n|-unboost|p2a: Maushold|atk|1\n|-unboost|p2b: Palafin|atk|1\n|turn|1\n|inactive|TheLoyalBandito has 30 seconds left.\n|inactive|TheLoyalBandito has 20 seconds left.\n|inactive|TheLoyalBandito has 15 seconds left.\n|inactive|TheLoyalBandito has 10 seconds left.\n|inactive|TheLoyalBandito has 5 seconds left.\n|\n|t:|1683236304\n|move|p2b: Palafin|Protect|p2b: Palafin\n|-singleturn|p2b: Palafin|Protect\n|move|p1a: Iron Hands|Fake Out|p2a: Maushold\n|-damage|p2a: Maushold|84\/100\n|cant|p2a: Maushold|flinch\n|move|p1b: Gyarados|Thunder Wave|p2a: Maushold\n|-status|p2a: Maushold|par\n|\n|upkeep\n|turn|2\n|\n|t:|1683236323\n|detailschange|p2b: Palafin|Palafin-Hero, L50, F\n|switch|p2b: Ting-Lu|Ting-Lu, L50|100\/100\n|-ability|p2b: Ting-Lu|Vessel of Ruin\n|move|p2a: Maushold|Protect|p2a: Maushold\n|-singleturn|p2a: Maushold|Protect\n|move|p1b: Gyarados|Thunder Wave|p2b: Ting-Lu\n|-immune|p2b: Ting-Lu\n|move|p1a: Iron Hands|Drain Punch|p2a: Maushold\n|-activate|p2a: Maushold|move: Protect\n|\n|upkeep\n|turn|3\n|inactive|Hadrian1917 has 30 seconds left.\n|inactive|Hadrian1917 has 20 seconds left.\n|\n|t:|1683236358\n|switch|p2a: Palafin|Palafin-Hero, L50, F|100\/100\n|-activate|p2a: Palafin|ability: Zero to Hero\n|-terastallize|p1a: Iron Hands|Grass\n|move|p1b: Gyarados|Waterfall|p2b: Ting-Lu\n|-supereffective|p2b: Ting-Lu\n|-damage|p2b: Ting-Lu|60\/100\n|move|p1a: Iron Hands|Drain Punch|p2a: Palafin\n|-damage|p2a: Palafin|66\/100\n|cant|p2b: Ting-Lu|flinch\n|\n|upkeep\n|turn|4\n|\n|t:|1683236380\n|switch|p1b: Amoonguss|Amoonguss, L50, M|100\/100\n|move|p2a: Palafin|Protect|p2a: Palafin\n|-singleturn|p2a: Palafin|Protect\n|move|p1a: Iron Hands|Drain Punch|p2b: Ting-Lu\n|-supereffective|p2b: Ting-Lu\n|-damage|p2b: Ting-Lu|9\/100\n|move|p2b: Ting-Lu|Fissure|p1a: Iron Hands|[miss]\n|-miss|p2b: Ting-Lu|p1a: Iron Hands\n|\n|upkeep\n|turn|5\n|inactive|Hadrian1917 has 30 seconds left.\n|inactive|TheLoyalBandito has 30 seconds left.\n|\n|t:|1683236406\n|switch|p2a: Maushold|Maushold, L50|84\/100 par\n|move|p1a: Iron Hands|Drain Punch|p2b: Ting-Lu\n|-supereffective|p2b: Ting-Lu\n|-damage|p2b: Ting-Lu|0 fnt\n|faint|p2b: Ting-Lu\n|move|p1b: Amoonguss|Spore||[still]\n|-fail|p1b: Amoonguss\n|\n|upkeep\n|\n|t:|1683236411\n|switch|p2b: Chien-Pao|Chien-Pao, L50|100\/100\n|-ability|p2b: Chien-Pao|Sword of Ruin\n|turn|6\n|\n|t:|1683236432\n|-end|p1a: Iron Hands|Quark Drive|[silent]\n|switch|p1a: Chi-Yu|Chi-Yu, L50|100\/100\n|-ability|p1a: Chi-Yu|Beads of Ruin\n|move|p2a: Maushold|Helping Hand|p2b: Chien-Pao\n|-singleturn|p2b: Chien-Pao|Helping Hand|[of] p2a: Maushold\n|move|p2b: Chien-Pao|Ice Spinner|p1a: Chi-Yu\n|-resisted|p1a: Chi-Yu\n|-damage|p1a: Chi-Yu|49\/100\n|move|p1b: Amoonguss|Spore|p2b: Chien-Pao\n|-status|p2b: Chien-Pao|slp|[from] move: Spore\n|\n|upkeep\n|turn|7\n|\n|t:|1683236451\n|cant|p2b: Chien-Pao|slp\n|move|p1a: Chi-Yu|Heat Wave|p2a: Maushold|[spread] p2a,p2b\n|-supereffective|p2b: Chien-Pao\n|-damage|p2a: Maushold|34\/100 par\n|-damage|p2b: Chien-Pao|0 fnt\n|-enditem|p2a: Maushold|Sitrus Berry|[eat]\n|-heal|p2a: Maushold|59\/100 par|[from] item: Sitrus Berry\n|faint|p2b: Chien-Pao\n|move|p2a: Maushold|Super Fang|p1b: Amoonguss|[miss]\n|-miss|p2a: Maushold|p1b: Amoonguss\n|move|p1b: Amoonguss|Pollen Puff|p1a: Chi-Yu\n|-heal|p1a: Chi-Yu|99\/100\n|\n|upkeep\n|\n|t:|1683236464\n|switch|p2b: Palafin|Palafin-Hero, L50, F|66\/100\n|turn|8\n|\n|t:|1683236478\n|switch|p1a: Gyarados|Gyarados, L50, F|100\/100\n|-ability|p1a: Gyarados|Intimidate|boost\n|-unboost|p2a: Maushold|atk|1\n|-unboost|p2b: Palafin|atk|1\n|-terastallize|p2b: Palafin|Water\n|move|p2b: Palafin|Jet Punch|p1a: Gyarados\n|-resisted|p1a: Gyarados\n|-damage|p1a: Gyarados|80\/100\n|move|p2a: Maushold|Super Fang|p1b: Amoonguss\n|-damage|p1b: Amoonguss|51\/100\n|move|p1b: Amoonguss|Spore|p2b: Palafin\n|-status|p2b: Palafin|slp|[from] move: Spore\n|\n|upkeep\n|turn|9\n|\n|t:|1683236501\n|switch|p1b: Iron Hands|Iron Hands, L50, tera:Grass|100\/100\n|cant|p2b: Palafin|slp\n|move|p1a: Gyarados|Waterfall|p2a: Maushold\n|-damage|p2a: Maushold|21\/100 par\n|cant|p2a: Maushold|par\n|\n|upkeep\n|turn|10\n|\n|t:|1683236516\n|switch|p1a: Amoonguss|Amoonguss, L50, M|84\/100\n|-curestatus|p2b: Palafin|slp|[msg]\n|move|p2b: Palafin|Jet Punch|p1a: Amoonguss\n|-resisted|p1a: Amoonguss\n|-damage|p1a: Amoonguss|66\/100\n|move|p1b: Iron Hands|Drain Punch|p2a: Maushold\n|-supereffective|p2a: Maushold\n|-damage|p2a: Maushold|0 fnt\n|faint|p2a: Maushold\n|\n|upkeep\n|turn|11\n|\n|t:|1683236535\n|move|p2b: Palafin|Wave Crash|p1b: Iron Hands\n|-resisted|p1b: Iron Hands\n|-damage|p1b: Iron Hands|75\/100\n|-damage|p2b: Palafin|56\/100|[from] Recoil\n|move|p1b: Iron Hands|Wild Charge|p2b: Palafin\n|-supereffective|p2b: Palafin\n|-damage|p2b: Palafin|0 fnt\n|faint|p2b: Palafin\n|-damage|p1b: Iron Hands|63\/100|[from] Recoil\n|\n|win|Hadrian1917\n|raw|Hadrian1917's rating: 1098 → 1122<\/strong> (+24 for winning)\n|raw|TheLoyalBandito's rating: 1075 → 1055<\/strong> (-20 for losing)\n|l|\u2606TheLoyalBandito\n","uploadtime":1683236584,"views":11,"p1id":"hadrian1917","p2id":"theloyalbandito","formatid":"gen9vgc2023regulationc","rating":1055,"private":0,"password":""}