{"id":"gen9vgc2023regulationc-1851725428","p1":"not lu","p2":"April112","format":"[Gen 9] VGC 2023 Regulation C","log":"|j|\u2606not lu\n|j|\u2606April112\n|t:|1682474670\n|gametype|doubles\n|player|p1|not lu|lucas|1442\n|player|p2|April112|2|1356\n|teamsize|p1|6\n|teamsize|p2|6\n|gen|9\n|tier|[Gen 9] VGC 2023 Regulation C\n|rated|\n|rule|Species Clause: Limit one of each Pok\u00e9mon\n|rule|Item Clause: Limit one of each item\n|clearpoke\n|poke|p1|Flutter Mane, L50|\n|poke|p1|Chi-Yu, L50|\n|poke|p1|Dragonite, L50, M|\n|poke|p1|Tsareena, L50, F|\n|poke|p1|Dondozo, L50, M|\n|poke|p1|Tatsugiri, L50, M|\n|poke|p2|Iron Bundle, L50|\n|poke|p2|Chi-Yu, L50|\n|poke|p2|Dragonite, L50, M|\n|poke|p2|Palafin, L50, F|\n|poke|p2|Amoonguss, L50, F|\n|poke|p2|Flutter Mane, L50|\n|teampreview|4\n|inactive|Battle timer is ON: inactive players will automatically lose when time's up. (requested by April112)\n|\n|t:|1682474704\n|start\n|switch|p1a: Dragonite|Dragonite, L50, M|100\/100\n|switch|p1b: Flutter Mane|Flutter Mane, L50|100\/100\n|switch|p2a: Iron Bundle|Iron Bundle, L50|100\/100\n|switch|p2b: Chi-Yu|Chi-Yu, L50|100\/100\n|-ability|p2b: Chi-Yu|Beads of Ruin\n|-enditem|p2a: Iron Bundle|Booster Energy\n|-activate|p2a: Iron Bundle|ability: Quark Drive|[fromitem]\n|-start|p2a: Iron Bundle|quarkdrivespe\n|-enditem|p1b: Flutter Mane|Booster Energy\n|-activate|p1b: Flutter Mane|ability: Protosynthesis|[fromitem]\n|-start|p1b: Flutter Mane|protosynthesisspa\n|turn|1\n|\n|t:|1682474724\n|-terastallize|p1a: Dragonite|Normal\n|move|p2a: Iron Bundle|Icy Wind|p1a: Dragonite|[spread] p1a,p1b\n|-damage|p1a: Dragonite|89\/100\n|-damage|p1b: Flutter Mane|77\/100\n|-unboost|p1a: Dragonite|spe|1\n|-unboost|p1b: Flutter Mane|spe|1\n|move|p2b: Chi-Yu|Heat Wave|p1b: Flutter Mane|[spread] p1a,p1b\n|-damage|p1a: Dragonite|42\/100\n|-damage|p1b: Flutter Mane|34\/100\n|move|p1b: Flutter Mane|Dazzling Gleam|p2b: Chi-Yu|[spread] p2a,p2b\n|-damage|p2a: Iron Bundle|2\/100\n|-damage|p2b: Chi-Yu|55\/100\n|move|p1a: Dragonite|Tailwind|p1a: Dragonite\n|-sidestart|p1: not lu|move: Tailwind\n|\n|upkeep\n|turn|2\n|inactive|April112 has 30 seconds left.\n|inactive|April112 has 20 seconds left.\n|inactive|April112 has 15 seconds left.\n|\n|t:|1682474765\n|move|p2a: Iron Bundle|Protect|p2a: Iron Bundle\n|-singleturn|p2a: Iron Bundle|Protect\n|move|p1a: Dragonite|Extreme Speed|p2b: Chi-Yu\n|-crit|p2b: Chi-Yu\n|-damage|p2b: Chi-Yu|0 fnt\n|faint|p2b: Chi-Yu\n|move|p1b: Flutter Mane|Dazzling Gleam|p2a: Iron Bundle\n|-activate|p2a: Iron Bundle|move: Protect\n|\n|upkeep\n|inactive|April112 has 30 seconds left.\n|\n|t:|1682474791\n|switch|p2b: Flutter Mane|Flutter Mane, L50|100\/100\n|turn|3\n|\n|t:|1682474810\n|-end|p2a: Iron Bundle|Quark Drive|[silent]\n|switch|p2a: Dragonite|Dragonite, L50, M|100\/100\n|move|p1a: Dragonite|Extreme Speed|p2a: Dragonite\n|-damage|p2a: Dragonite|79\/100\n|move|p1b: Flutter Mane|Shadow Ball|p2b: Flutter Mane\n|-supereffective|p2b: Flutter Mane\n|-damage|p2b: Flutter Mane|0 fnt\n|faint|p2b: Flutter Mane\n|-end|p2b: Flutter Mane|Protosynthesis|[silent]\n|\n|upkeep\n|\n|t:|1682474820\n|switch|p2b: Iron Bundle|Iron Bundle, L50|2\/100\n|turn|4\n|\n|t:|1682474827\n|switch|p1a: Tatsugiri|Tatsugiri, L50, M|100\/100\n|-terastallize|p2a: Dragonite|Normal\n|move|p2b: Iron Bundle|Protect|p2b: Iron Bundle\n|-singleturn|p2b: Iron Bundle|Protect\n|move|p1b: Flutter Mane|Dazzling Gleam|p2b: Iron Bundle|[spread] p2a\n|-activate|p2b: Iron Bundle|move: Protect\n|-damage|p2a: Dragonite|43\/100\n|move|p2a: Dragonite|Earthquake|p1a: Tatsugiri|[spread] p1a,p1b\n|-activate|p2b: Iron Bundle|move: Protect\n|-damage|p1a: Tatsugiri|43\/100\n|-damage|p1b: Flutter Mane|0 fnt\n|faint|p1b: Flutter Mane\n|-end|p1b: Flutter Mane|Protosynthesis|[silent]\n|\n|-sideend|p1: not lu|move: Tailwind\n|upkeep\n|\n|t:|1682474836\n|switch|p1b: Dragonite|Dragonite, L50, M, tera:Normal|42\/100\n|turn|5\n|\n|t:|1682474855\n|move|p2b: Iron Bundle|Protect||[still]\n|-fail|p2b: Iron Bundle\n|move|p1b: Dragonite|Extreme Speed|p2b: Iron Bundle\n|-damage|p2b: Iron Bundle|0 fnt\n|faint|p2b: Iron Bundle\n|-end|p2b: Iron Bundle|Quark Drive|[silent]\n|move|p1a: Tatsugiri|Icy Wind|p2a: Dragonite\n|-damage|p2a: Dragonite|25\/100\n|-unboost|p2a: Dragonite|spe|1\n|move|p2a: Dragonite|Earthquake|p1b: Dragonite|[spread] p1a,p1b\n|-damage|p1a: Tatsugiri|0 fnt\n|-damage|p1b: Dragonite|13\/100\n|faint|p1a: Tatsugiri\n|\n|upkeep\n|\n|t:|1682474859\n|switch|p1a: Chi-Yu|Chi-Yu, L50|100\/100\n|-ability|p1a: Chi-Yu|Beads of Ruin\n|turn|6\n|-message|April112 forfeited.\n|\n|win|not lu\n|raw|not lu's rating: 1442 → 1457<\/strong> (+15 for winning)\n|raw|April112's rating: 1356 → 1341<\/strong> (-15 for losing)\n|l|\u2606April112\n","uploadtime":1682474877,"views":10,"p1id":"notlu","p2id":"april112","formatid":"gen9vgc2023regulationc","rating":1341,"private":0,"password":""}