{"id":"gen9vgc2023regulationc-1847368562","p1":"Sprye0216","p2":"bruser23","format":"[Gen 9] VGC 2023 Regulation C","log":"|j|\u2606Sprye0216\n|j|\u2606bruser23\n|t:|1681943277\n|gametype|doubles\n|player|p1|Sprye0216|2|1207\n|player|p2|bruser23|170|1158\n|teamsize|p1|6\n|teamsize|p2|6\n|gen|9\n|tier|[Gen 9] VGC 2023 Regulation C\n|rated|\n|rule|Species Clause: Limit one of each Pok\u00e9mon\n|rule|Item Clause: Limit one of each item\n|clearpoke\n|poke|p1|Talonflame, L50, M|\n|poke|p1|Garchomp, L50, M|\n|poke|p1|Gholdengo, L50|\n|poke|p1|Palafin, L50, M|\n|poke|p1|Amoonguss, L50, F|\n|poke|p1|Ting-Lu, L50|\n|poke|p2|Palafin, L50, F|\n|poke|p2|Amoonguss, L50, M|\n|poke|p2|Arcanine, L50, M|\n|poke|p2|Flutter Mane, L50|\n|poke|p2|Chien-Pao, L50|\n|poke|p2|Ting-Lu, L50|\n|teampreview|4\n|inactive|Battle timer is ON: inactive players will automatically lose when time's up. (requested by bruser23)\nSprye0216 has agreed to open team sheets.\n|inactive|bruser23 has 60 seconds left.\n|\n|t:|1681943311\n|start\n|switch|p1a: Talonflame|Talonflame, L50, M|100\/100\n|switch|p1b: Garchomp|Garchomp, L50, M|100\/100\n|switch|p2a: Flutter Mane|Flutter Mane, L50|100\/100\n|switch|p2b: Arcanine|Arcanine, L50, M|100\/100\n|-ability|p2b: Arcanine|Intimidate|boost\n|-unboost|p1a: Talonflame|atk|1\n|-fail|p1b: Garchomp|unboost|[from] item: Clear Amulet|[of] p1b: Garchomp\n|-enditem|p2a: Flutter Mane|Booster Energy\n|-activate|p2a: Flutter Mane|ability: Protosynthesis|[fromitem]\n|-start|p2a: Flutter Mane|protosynthesisspe\n|turn|1\n|\n|t:|1681943332\n|-terastallize|p2a: Flutter Mane|Fairy\n|-terastallize|p1b: Garchomp|Fire\n|move|p2b: Arcanine|Extreme Speed|p1a: Talonflame\n|-damage|p1a: Talonflame|74\/100\n|move|p2a: Flutter Mane|Thunderbolt|p1a: Talonflame\n|-supereffective|p1a: Talonflame\n|-damage|p1a: Talonflame|0 fnt\n|faint|p1a: Talonflame\n|move|p1b: Garchomp|Earthquake|p2b: Arcanine|[spread] p2a,p2b\n|-supereffective|p2b: Arcanine\n|-damage|p2a: Flutter Mane|33\/100\n|-damage|p2b: Arcanine|20\/100\n|\n|upkeep\n|\n|t:|1681943348\n|switch|p1a: Ting-Lu|Ting-Lu, L50|100\/100\n|-ability|p1a: Ting-Lu|Vessel of Ruin\n|turn|2\n|\n|t:|1681943361\n|switch|p2b: Amoonguss|Amoonguss, L50, M|100\/100\n|move|p2a: Flutter Mane|Moonblast|p1a: Ting-Lu\n|-supereffective|p1a: Ting-Lu\n|-damage|p1a: Ting-Lu|61\/100\n|-unboost|p1a: Ting-Lu|spa|1\n|move|p1b: Garchomp|Rock Slide|p2b: Amoonguss|[spread] p2a,p2b\n|-damage|p2a: Flutter Mane|4\/100\n|-damage|p2b: Amoonguss|84\/100\n|move|p1a: Ting-Lu|Heavy Slam|p2a: Flutter Mane\n|-supereffective|p2a: Flutter Mane\n|-damage|p2a: Flutter Mane|0 fnt\n|faint|p2a: Flutter Mane\n|-end|p2a: Flutter Mane|Protosynthesis|[silent]\n|\n|upkeep\n|\n|t:|1681943375\n|switch|p2a: Arcanine|Arcanine, L50, M|20\/100\n|-ability|p2a: Arcanine|Intimidate|boost\n|-unboost|p1a: Ting-Lu|atk|1\n|-fail|p1b: Garchomp|unboost|[from] item: Clear Amulet|[of] p1b: Garchomp\n|turn|3\n|\n|t:|1681943390\n|move|p1b: Garchomp|Rock Slide|p2b: Amoonguss|[spread] p2a,p2b\n|-supereffective|p2a: Arcanine\n|-damage|p2a: Arcanine|0 fnt\n|-damage|p2b: Amoonguss|66\/100\n|faint|p2a: Arcanine\n|move|p1a: Ting-Lu|Stomping Tantrum|p2b: Amoonguss\n|-damage|p2b: Amoonguss|49\/100\n|-enditem|p2b: Amoonguss|Sitrus Berry|[eat]\n|-heal|p2b: Amoonguss|74\/100|[from] item: Sitrus Berry\n|move|p2b: Amoonguss|Spore|p1b: Garchomp\n|-status|p1b: Garchomp|slp|[from] move: Spore\n|\n|upkeep\n|\n|t:|1681943395\n|switch|p2a: Ting-Lu|Ting-Lu, L50|100\/100\n|-ability|p2a: Ting-Lu|Vessel of Ruin\n|turn|4\n|\n|t:|1681943412\n|cant|p1b: Garchomp|slp\n|move|p1a: Ting-Lu|Fissure|p2a: Ting-Lu|[miss]\n|-miss|p1a: Ting-Lu|p2a: Ting-Lu\n|move|p2a: Ting-Lu|Fissure|p1b: Garchomp|[miss]\n|-miss|p2a: Ting-Lu|p1b: Garchomp\n|move|p2b: Amoonguss|Spore|p1a: Ting-Lu\n|-status|p1a: Ting-Lu|slp|[from] move: Spore\n|\n|upkeep\n|turn|5\n|inactive|Sprye0216 has 30 seconds left.\n|inactive|bruser23 has 30 seconds left.\n|\n|t:|1681943446\n|cant|p1b: Garchomp|slp\n|cant|p1a: Ting-Lu|slp\n|move|p2a: Ting-Lu|Stomping Tantrum|p1b: Garchomp\n|-supereffective|p1b: Garchomp\n|-damage|p1b: Garchomp|0 fnt\n|-damage|p2a: Ting-Lu|88\/100|[from] ability: Rough Skin|[of] p1b: Garchomp\n|faint|p1b: Garchomp\n|move|p2b: Amoonguss|Spore|p1a: Ting-Lu\n|-fail|p1a: Ting-Lu|slp\n|\n|upkeep\n|\n|t:|1681943458\n|switch|p1b: Gholdengo|Gholdengo, L50|100\/100\n|turn|6\n|\n|t:|1681943474\n|move|p1b: Gholdengo|Trick|p2a: Ting-Lu\n|-activate|p1b: Gholdengo|move: Trick|[of] p2a: Ting-Lu\n|-item|p2a: Ting-Lu|Choice Specs|[from] move: Trick\n|-item|p1b: Gholdengo|Assault Vest|[from] move: Trick\n|-curestatus|p1a: Ting-Lu|slp|[msg]\n|move|p1a: Ting-Lu|Fissure|p2a: Ting-Lu|[miss]\n|-miss|p1a: Ting-Lu|p2a: Ting-Lu\n|move|p2a: Ting-Lu|Fissure|p1b: Gholdengo|[miss]\n|-miss|p2a: Ting-Lu|p1b: Gholdengo\n|move|p2b: Amoonguss|Pollen Puff|p2a: Ting-Lu\n|-heal|p2a: Ting-Lu|100\/100\n|\n|upkeep\n|turn|7\n|\n|t:|1681943494\n|move|p1b: Gholdengo|Shadow Ball|p2b: Amoonguss\n|-damage|p2b: Amoonguss|46\/100\n|-unboost|p2b: Amoonguss|spd|1\n|move|p1a: Ting-Lu|Fissure|p2a: Ting-Lu|[miss]\n|-miss|p1a: Ting-Lu|p2a: Ting-Lu\n|move|p2a: Ting-Lu|Fissure|p1b: Gholdengo\n|-damage|p1b: Gholdengo|0 fnt\n|faint|p1b: Gholdengo\n|-ohko\n|move|p2b: Amoonguss|Spore|p1a: Ting-Lu\n|-status|p1a: Ting-Lu|slp|[from] move: Spore\n|\n|upkeep\n|turn|8\n|\n|t:|1681943511\n|cant|p1a: Ting-Lu|slp\n|move|p2a: Ting-Lu|Fissure|p1a: Ting-Lu\n|-damage|p1a: Ting-Lu|0 fnt\n|faint|p1a: Ting-Lu\n|-ohko\n|\n|win|bruser23\n|raw|Sprye0216's rating: 1207 → 1178<\/strong> (-29 for losing)\n|raw|bruser23's rating: 1158 → 1187<\/strong> (+29 for winning)\n","uploadtime":1681943519,"views":9,"p1id":"sprye0216","p2id":"bruser23","formatid":"gen9vgc2023regulationc","rating":1178,"private":0,"password":""}