{"id":"gen9vgc2023regulationc-1855666727","p1":"Hikawari","p2":"Golden Mango","format":"[Gen 9] VGC 2023 Regulation C","log":"|j|\u2606Hikawari\n|j|\u2606Golden Mango\n|t:|1682971336\n|gametype|doubles\n|player|p1|Hikawari|101|1403\n|player|p2|Golden Mango|170|1294\n|teamsize|p1|6\n|teamsize|p2|6\n|gen|9\n|tier|[Gen 9] VGC 2023 Regulation C\n|rated|\n|rule|Species Clause: Limit one of each Pok\u00e9mon\n|rule|Item Clause: Limit one of each item\n|clearpoke\n|poke|p1|Amoonguss, L50, F|\n|poke|p1|Baxcalibur, L50, M|\n|poke|p1|Corviknight, L50, F|\n|poke|p1|Glimmora, L50, F|\n|poke|p1|Rotom-Wash, L50|\n|poke|p1|Gholdengo, L50|\n|poke|p2|Slither Wing, L50|\n|poke|p2|Chien-Pao, L50|\n|poke|p2|Flutter Mane, L50|\n|poke|p2|Talonflame, L50, M|\n|poke|p2|Chi-Yu, L50|\n|poke|p2|Gastrodon, L50, F|\n|teampreview|4\nHikawari has agreed to open team sheets.\n|inactive|Battle timer is ON: inactive players will automatically lose when time's up. (requested by Hikawari)\n|inactive|Golden Mango has 60 seconds left.\n|\n|t:|1682971390\n|start\n|switch|p1a: Rotom|Rotom-Wash, L50|100\/100\n|switch|p1b: Glimmora|Glimmora, L50, F|100\/100\n|switch|p2a: Talonflame|Talonflame, L50, M|100\/100\n|switch|p2b: Chi-Yu|Chi-Yu, L50|100\/100\n|-ability|p2b: Chi-Yu|Beads of Ruin\n|turn|1\n|inactive|Hikawari has 30 seconds left.\n|\n|t:|1682971416\n|-terastallize|p2b: Chi-Yu|Ghost\n|move|p2a: Talonflame|Tailwind|p2a: Talonflame\n|-sidestart|p2: Golden Mango|move: Tailwind\n|move|p2b: Chi-Yu|Snarl|p1a: Rotom|[spread] p1a,p1b\n|-damage|p1a: Rotom|56\/100\n|-damage|p1b: Glimmora|45\/100\n|-unboost|p1a: Rotom|spa|1\n|-unboost|p1b: Glimmora|spa|1\n|move|p1b: Glimmora|Power Gem|p2b: Chi-Yu\n|-damage|p2b: Chi-Yu|62\/100\n|move|p1a: Rotom|Volt Switch|p2a: Talonflame\n|-supereffective|p2a: Talonflame\n|-damage|p2a: Talonflame|36\/100\n|\n|t:|1682971429\n|switch|p1a: Baxcalibur|Baxcalibur, L50, M|100\/100|[from] Volt Switch\n|\n|upkeep\n|turn|2\n|\n|t:|1682971451\n|switch|p1b: Corviknight|Corviknight, L50, F|100\/100\n|-terastallize|p1a: Baxcalibur|Fire\n|move|p2a: Talonflame|Brave Bird|p1a: Baxcalibur\n|-damage|p1a: Baxcalibur|70\/100\n|-damage|p2a: Talonflame|23\/100|[from] Recoil\n|move|p2b: Chi-Yu|Snarl|p1a: Baxcalibur|[spread] p1a,p1b\n|-damage|p1a: Baxcalibur|32\/100\n|-damage|p1b: Corviknight|54\/100\n|-unboost|p1a: Baxcalibur|spa|1\n|-ability|p1b: Corviknight|Mirror Armor\n|-unboost|p2b: Chi-Yu|spa|1\n|move|p1a: Baxcalibur|Icicle Spear|p2b: Chi-Yu\n|-damage|p2b: Chi-Yu|36\/100\n|-damage|p2b: Chi-Yu|10\/100\n|-damage|p2b: Chi-Yu|0 fnt\n|faint|p2b: Chi-Yu\n|-hitcount|p2: Chi-Yu|3\n|\n|-heal|p1b: Corviknight|60\/100|[from] item: Leftovers\n|upkeep\n|inactive|Golden Mango has 30 seconds left.\n|\n|t:|1682971481\n|switch|p2b: Flutter Mane|Flutter Mane, L50|100\/100\n|-enditem|p2b: Flutter Mane|Booster Energy\n|-activate|p2b: Flutter Mane|ability: Protosynthesis|[fromitem]\n|-start|p2b: Flutter Mane|protosynthesisspa\n|turn|3\n|\n|t:|1682971502\n|move|p1a: Baxcalibur|Ice Shard|p2a: Talonflame\n|-damage|p2a: Talonflame|0 fnt\n|faint|p2a: Talonflame\n|move|p2b: Flutter Mane|Dazzling Gleam|p1b: Corviknight|[spread] p1a,p1b\n|-resisted|p1a: Baxcalibur\n|-resisted|p1b: Corviknight\n|-damage|p1a: Baxcalibur|15\/100\n|-damage|p1b: Corviknight|40\/100\n|move|p1b: Corviknight|Roost|p1b: Corviknight\n|-heal|p1b: Corviknight|90\/100\n|-singleturn|p1b: Corviknight|move: Roost\n|\n|-heal|p1b: Corviknight|96\/100|[from] item: Leftovers\n|upkeep\n|\n|t:|1682971508\n|switch|p2a: Chien-Pao|Chien-Pao, L50|100\/100\n|-ability|p2a: Chien-Pao|Sword of Ruin\n|turn|4\n|\n|t:|1682971523\n|move|p1a: Baxcalibur|Ice Shard|p2b: Flutter Mane\n|-damage|p2b: Flutter Mane|59\/100\n|move|p2a: Chien-Pao|Ice Spinner|p1b: Corviknight\n|-damage|p1b: Corviknight|63\/100\n|move|p2b: Flutter Mane|Dazzling Gleam|p1b: Corviknight|[spread] p1a,p1b\n|-resisted|p1a: Baxcalibur\n|-resisted|p1b: Corviknight\n|-damage|p1a: Baxcalibur|0 fnt\n|-damage|p1b: Corviknight|42\/100\n|faint|p1a: Baxcalibur\n|move|p1b: Corviknight|Body Press|p2a: Chien-Pao\n|-supereffective|p2a: Chien-Pao\n|-enditem|p2a: Chien-Pao|Focus Sash\n|-damage|p2a: Chien-Pao|1\/100\n|\n|-heal|p1b: Corviknight|48\/100|[from] item: Leftovers\n|-sideend|p2: Golden Mango|move: Tailwind\n|upkeep\n|\n|t:|1682971538\n|switch|p1a: Glimmora|Glimmora, L50, F|45\/100\n|turn|5\n|\n|t:|1682971550\n|move|p2a: Chien-Pao|Brick Break|p1a: Glimmora\n|-damage|p1a: Glimmora|3\/100\n|-activate|p1a: Glimmora|ability: Toxic Debris\n|-sidestart|p2: Golden Mango|move: Toxic Spikes\n|move|p2b: Flutter Mane|Shadow Ball|p1b: Corviknight\n|-damage|p1b: Corviknight|0 fnt\n|faint|p1b: Corviknight\n|move|p1a: Glimmora|Mortal Spin|p2a: Chien-Pao|[spread] p2a,p2b\n|-damage|p2a: Chien-Pao|0 fnt\n|-damage|p2b: Flutter Mane|51\/100\n|-status|p2b: Flutter Mane|psn\n|faint|p2a: Chien-Pao\n|\n|-damage|p2b: Flutter Mane|39\/100 psn|[from] psn\n|upkeep\n|\n|t:|1682971563\n|switch|p1b: Rotom|Rotom-Wash, L50|56\/100\n|turn|6\n|\n|t:|1682971568\n|move|p1a: Glimmora|Spiky Shield|p1a: Glimmora\n|-singleturn|p1a: Glimmora|move: Protect\n|move|p1b: Rotom|Protect|p1b: Rotom\n|-singleturn|p1b: Rotom|Protect\n|move|p2b: Flutter Mane|Dazzling Gleam|p1b: Rotom|[spread] \n|-activate|p1a: Glimmora|move: Protect\n|-activate|p1b: Rotom|move: Protect\n|\n|-damage|p2b: Flutter Mane|27\/100 psn|[from] psn\n|upkeep\n|turn|7\n|\n|t:|1682971583\n|move|p2b: Flutter Mane|Dazzling Gleam|p1b: Rotom|[spread] p1a,p1b\n|-resisted|p1a: Glimmora\n|-damage|p1a: Glimmora|0 fnt\n|-damage|p1b: Rotom|16\/100\n|faint|p1a: Glimmora\n|move|p1b: Rotom|Volt Switch|p2b: Flutter Mane\n|-damage|p2b: Flutter Mane|0 fnt\n|faint|p2b: Flutter Mane\n|-end|p2b: Flutter Mane|Protosynthesis|[silent]\n|\n|win|Hikawari\n|raw|Hikawari's rating: 1403 → 1417<\/strong> (+14 for winning)\n|raw|Golden Mango's rating: 1294 → 1277<\/strong> (-17 for losing)\n|c|\u2606Golden Mango|Gg wo\n|c|\u2606Golden Mango|wp\n|c|\u2606Hikawari|gg\n","uploadtime":1682971602,"views":20,"p1id":"hikawari","p2id":"goldenmango","formatid":"gen9vgc2023regulationc","rating":1277,"private":0,"password":""}