{"id":"gen9vgc2023regulationc-1848346718","p1":"Valkenhine","p2":"iQuweii","format":"[Gen 9] VGC 2023 Regulation C","log":"|j|\u2606Valkenhine\n|j|\u2606iQuweii\n|t:|1682064383\n|gametype|doubles\n|player|p1|Valkenhine|koga|1085\n|player|p2|iQuweii|101|1102\n|teamsize|p1|6\n|teamsize|p2|6\n|gen|9\n|tier|[Gen 9] VGC 2023 Regulation C\n|rated|\n|rule|Species Clause: Limit one of each Pok\u00e9mon\n|rule|Item Clause: Limit one of each item\n|clearpoke\n|poke|p1|Vaporeon, L50, F|\n|poke|p1|Grimmsnarl, L50, M|\n|poke|p1|Flutter Mane, L50|\n|poke|p1|Palafin, L50, M|\n|poke|p1|Roaring Moon, L50|\n|poke|p1|Volcarona, L50, M|\n|poke|p2|Chi-Yu, L50|\n|poke|p2|Dachsbun, L50, M|\n|poke|p2|Dragonite, L50, F|\n|poke|p2|Flutter Mane, L50|\n|poke|p2|Azumarill, L50, F|\n|poke|p2|Chien-Pao, L50|\n|teampreview|4\n|\n|t:|1682064405\n|start\n|switch|p1a: Flutter Mane|Flutter Mane, L50|100\/100\n|switch|p1b: Palafin|Palafin, L50, M|100\/100\n|switch|p2a: Flutter Mane|Flutter Mane, L50|100\/100\n|switch|p2b: Chien-Pao|Chien-Pao, L50|100\/100\n|-ability|p2b: Chien-Pao|Sword of Ruin\n|-enditem|p2a: Flutter Mane|Booster Energy\n|-activate|p2a: Flutter Mane|ability: Protosynthesis|[fromitem]\n|-start|p2a: Flutter Mane|protosynthesisspe\n|turn|1\n|\n|t:|1682064436\n|detailschange|p1b: Palafin|Palafin-Hero, L50, M\n|switch|p1b: Volcarona|Volcarona, L50, M|100\/100\n|move|p2b: Chien-Pao|Protect|p2b: Chien-Pao\n|-singleturn|p2b: Chien-Pao|Protect\n|move|p2a: Flutter Mane|Shadow Ball|p1a: Flutter Mane\n|-supereffective|p1a: Flutter Mane\n|-damage|p1a: Flutter Mane|26\/100\n|-unboost|p1a: Flutter Mane|spd|1\n|move|p1a: Flutter Mane|Imprison|p1a: Flutter Mane\n|-start|p1a: Flutter Mane|move: Imprison\n|\n|upkeep\n|turn|2\n|\n|t:|1682064473\n|switch|p2b: Dachsbun|Dachsbun, L50, M|100\/100\n|move|p2a: Flutter Mane|Protect|p2a: Flutter Mane\n|-singleturn|p2a: Flutter Mane|Protect\n|move|p1a: Flutter Mane|Imprison||[still]\n|-fail|p1a: Flutter Mane\n|move|p1b: Volcarona|Heat Wave|p2b: Dachsbun|[spread] \n|-activate|p2a: Flutter Mane|move: Protect\n|-ability|p2b: Dachsbun|Well-Baked Body|boost\n|-boost|p2b: Dachsbun|def|2\n|\n|upkeep\n|turn|3\n|\n|t:|1682064501\n|-end|p2a: Flutter Mane|Protosynthesis|[silent]\n|switch|p2a: Chi-Yu|Chi-Yu, L50|100\/100\n|-ability|p2a: Chi-Yu|Beads of Ruin\n|-end|p1a: Flutter Mane|Protosynthesis|[silent]\n|switch|p1a: Roaring Moon|Roaring Moon, L50|100\/100\n|-enditem|p1a: Roaring Moon|Booster Energy\n|-activate|p1a: Roaring Moon|ability: Protosynthesis|[fromitem]\n|-start|p1a: Roaring Moon|protosynthesisspe\n|move|p1b: Volcarona|Quiver Dance|p1b: Volcarona\n|-boost|p1b: Volcarona|spa|1\n|-boost|p1b: Volcarona|spd|1\n|-boost|p1b: Volcarona|spe|1\n|move|p2b: Dachsbun|Yawn|p1a: Roaring Moon\n|-start|p1a: Roaring Moon|move: Yawn|[of] p2b: Dachsbun\n|\n|upkeep\n|turn|4\n|\n|t:|1682064541\n|-end|p1a: Roaring Moon|Protosynthesis|[silent]\n|switch|p1a: Palafin|Palafin-Hero, L50, M|100\/100\n|-activate|p1a: Palafin|ability: Zero to Hero\n|move|p2a: Chi-Yu|Snarl|p1a: Palafin|[spread] p1a,p1b\n|-damage|p1a: Palafin|70\/100\n|-damage|p1b: Volcarona|83\/100\n|-unboost|p1a: Palafin|spa|1\n|-unboost|p1b: Volcarona|spa|1\n|move|p1b: Volcarona|Bug Buzz|p2a: Chi-Yu\n|-damage|p2a: Chi-Yu|56\/100\n|move|p2b: Dachsbun|Yawn|p1b: Volcarona\n|-start|p1b: Volcarona|move: Yawn|[of] p2b: Dachsbun\n|\n|-heal|p1b: Volcarona|89\/100|[from] item: Leftovers\n|upkeep\n|turn|5\n|\n|t:|1682064576\n|switch|p2a: Flutter Mane|Flutter Mane, L50|100\/100\n|move|p1a: Palafin|Jet Punch|p2a: Flutter Mane\n|-damage|p2a: Flutter Mane|13\/100\n|move|p1b: Volcarona|Quiver Dance|p1b: Volcarona\n|-boost|p1b: Volcarona|spa|1\n|-boost|p1b: Volcarona|spd|1\n|-boost|p1b: Volcarona|spe|1\n|move|p2b: Dachsbun|Yawn|p1a: Palafin\n|-start|p1a: Palafin|move: Yawn|[of] p2b: Dachsbun\n|\n|-heal|p1b: Volcarona|95\/100|[from] item: Leftovers\n|-end|p1b: Volcarona|move: Yawn|[silent]\n|-status|p1b: Volcarona|slp\n|upkeep\n|turn|6\n|\n|t:|1682064611\n|switch|p1a: Roaring Moon|Roaring Moon, L50|100\/100\n|cant|p1b: Volcarona|slp\n|move|p2a: Flutter Mane|Dazzling Gleam|p1a: Roaring Moon|[spread] p1a,p1b\n|-supereffective|p1a: Roaring Moon\n|-resisted|p1b: Volcarona\n|-damage|p1a: Roaring Moon|0 fnt\n|-damage|p1b: Volcarona|89\/100 slp\n|faint|p1a: Roaring Moon\n|-end|p1a: Roaring Moon|Protosynthesis|[silent]\n|move|p2b: Dachsbun|Body Press|p1b: Volcarona\n|-resisted|p1b: Volcarona\n|-damage|p1b: Volcarona|72\/100 slp\n|-status|p2b: Dachsbun|brn|[from] ability: Flame Body|[of] p1b: Volcarona\n|\n|-heal|p1b: Volcarona|78\/100 slp|[from] item: Leftovers\n|-damage|p2b: Dachsbun|94\/100 brn|[from] brn\n|upkeep\n|\n|t:|1682064626\n|switch|p1a: Palafin|Palafin-Hero, L50, M|70\/100\n|turn|7\n|\n|t:|1682064636\n|move|p1a: Palafin|Jet Punch|p2a: Flutter Mane\n|-damage|p2a: Flutter Mane|0 fnt\n|faint|p2a: Flutter Mane\n|-end|p2a: Flutter Mane|Protosynthesis|[silent]\n|cant|p1b: Volcarona|slp\n|move|p2b: Dachsbun|Yawn|p1a: Palafin\n|-start|p1a: Palafin|move: Yawn|[of] p2b: Dachsbun\n|\n|-heal|p1b: Volcarona|84\/100 slp|[from] item: Leftovers\n|-heal|p2b: Dachsbun|100\/100 brn|[from] item: Leftovers\n|-damage|p2b: Dachsbun|94\/100 brn|[from] brn\n|upkeep\n|\n|t:|1682064639\n|switch|p2a: Chien-Pao|Chien-Pao, L50|100\/100\n|-ability|p2a: Chien-Pao|Sword of Ruin\n|turn|8\n|\n|t:|1682064664\n|switch|p1a: Flutter Mane|Flutter Mane, L50|26\/100\n|-curestatus|p1b: Volcarona|slp|[msg]\n|move|p1b: Volcarona|Quiver Dance|p1b: Volcarona\n|-boost|p1b: Volcarona|spa|1\n|-boost|p1b: Volcarona|spd|1\n|-boost|p1b: Volcarona|spe|1\n|move|p2a: Chien-Pao|Throat Chop|p1b: Volcarona\n|-damage|p1b: Volcarona|40\/100\n|-start|p1b: Volcarona|Throat Chop|[silent]\n|move|p2b: Dachsbun|Body Press|p1a: Flutter Mane\n|-immune|p1a: Flutter Mane\n|\n|-heal|p1b: Volcarona|46\/100|[from] item: Leftovers\n|-heal|p2b: Dachsbun|100\/100 brn|[from] item: Leftovers\n|-damage|p2b: Dachsbun|94\/100 brn|[from] brn\n|upkeep\n|turn|9\n|\n|t:|1682064692\n|-end|p1a: Flutter Mane|Protosynthesis|[silent]\n|switch|p1a: Palafin|Palafin-Hero, L50, M|70\/100\n|-terastallize|p2a: Chien-Pao|Dark\n|move|p2a: Chien-Pao|Sucker Punch||[still]\n|-fail|p2a: Chien-Pao\n|move|p1b: Volcarona|Morning Sun|p1b: Volcarona\n|-heal|p1b: Volcarona|96\/100\n|move|p2b: Dachsbun|Yawn|p1a: Palafin\n|-start|p1a: Palafin|move: Yawn|[of] p2b: Dachsbun\n|\n|-heal|p1b: Volcarona|100\/100|[from] item: Leftovers\n|-heal|p2b: Dachsbun|100\/100 brn|[from] item: Leftovers\n|-damage|p2b: Dachsbun|94\/100 brn|[from] brn\n|-end|p1b: Volcarona|Throat Chop|[silent]\n|upkeep\n|turn|10\n|\n|t:|1682064715\n|move|p1a: Palafin|Jet Punch|p2a: Chien-Pao\n|-damage|p2a: Chien-Pao|34\/100\n|move|p1b: Volcarona|Heat Wave|p2a: Chien-Pao|[spread] p2a\n|-ability|p2b: Dachsbun|Well-Baked Body|boost\n|-boost|p2b: Dachsbun|def|2\n|-damage|p2a: Chien-Pao|0 fnt\n|faint|p2a: Chien-Pao\n|move|p2b: Dachsbun|Yawn|p1b: Volcarona\n|-start|p1b: Volcarona|move: Yawn|[of] p2b: Dachsbun\n|\n|-heal|p2b: Dachsbun|100\/100 brn|[from] item: Leftovers\n|-damage|p2b: Dachsbun|94\/100 brn|[from] brn\n|-end|p1a: Palafin|move: Yawn|[silent]\n|-status|p1a: Palafin|slp\n|upkeep\n|\n|t:|1682064723\n|switch|p2a: Chi-Yu|Chi-Yu, L50|56\/100\n|-ability|p2a: Chi-Yu|Beads of Ruin\n|turn|11\n|\n|t:|1682064739\n|cant|p1a: Palafin|slp\n|move|p1b: Volcarona|Quiver Dance|p1b: Volcarona\n|-boost|p1b: Volcarona|spa|1\n|-boost|p1b: Volcarona|spd|1\n|-boost|p1b: Volcarona|spe|1\n|move|p2a: Chi-Yu|Dark Pulse|p1b: Volcarona\n|-damage|p1b: Volcarona|82\/100\n|move|p2b: Dachsbun|Body Press|p1a: Palafin\n|-damage|p1a: Palafin|44\/100 slp\n|\n|-heal|p1b: Volcarona|88\/100|[from] item: Leftovers\n|-heal|p2b: Dachsbun|100\/100 brn|[from] item: Leftovers\n|-damage|p2b: Dachsbun|94\/100 brn|[from] brn\n|-end|p1b: Volcarona|move: Yawn|[silent]\n|-status|p1b: Volcarona|slp\n|upkeep\n|turn|12\n|inactive|Battle timer is ON: inactive players will automatically lose when time's up. (requested by iQuweii)\n|\n|t:|1682064773\n|-curestatus|p1a: Palafin|slp|[msg]\n|move|p1a: Palafin|Jet Punch|p2a: Chi-Yu\n|-supereffective|p2a: Chi-Yu\n|-damage|p2a: Chi-Yu|0 fnt\n|faint|p2a: Chi-Yu\n|cant|p1b: Volcarona|slp\n|move|p2b: Dachsbun|Body Press|p1a: Palafin\n|-damage|p1a: Palafin|16\/100\n|\n|-heal|p1b: Volcarona|94\/100 slp|[from] item: Leftovers\n|-heal|p2b: Dachsbun|100\/100 brn|[from] item: Leftovers\n|-damage|p2b: Dachsbun|94\/100 brn|[from] brn\n|upkeep\n|turn|13\n|\n|t:|1682064789\n|switch|p1a: Flutter Mane|Flutter Mane, L50|26\/100\n|-curestatus|p1b: Volcarona|slp|[msg]\n|move|p1b: Volcarona|Bug Buzz|p2b: Dachsbun\n|-resisted|p2b: Dachsbun\n|-damage|p2b: Dachsbun|46\/100 brn\n|move|p2b: Dachsbun|Body Press|p1a: Flutter Mane\n|-immune|p1a: Flutter Mane\n|\n|-heal|p1b: Volcarona|100\/100|[from] item: Leftovers\n|-heal|p2b: Dachsbun|52\/100 brn|[from] item: Leftovers\n|-damage|p2b: Dachsbun|46\/100 brn|[from] brn\n|upkeep\n|turn|14\n|-message|iQuweii forfeited.\n|\n|win|Valkenhine\n|raw|Valkenhine's rating: 1085 → 1114<\/strong> (+29 for winning)\n|raw|iQuweii's rating: 1102 → 1076<\/strong> (-26 for losing)\n|l|\u2606iQuweii\n","uploadtime":1682064805,"views":10,"p1id":"valkenhine","p2id":"iquweii","formatid":"gen9vgc2023regulationc","rating":1076,"private":0,"password":""}