{"id":"gen9vgc2023regulationc-1852535623","p1":"B.AngelOwO","p2":"Lynxzz","format":"[Gen 9] VGC 2023 Regulation C","log":"|j|\u2606B.AngelOwO\n|j|\u2606Lynxzz\n|t:|1682571650\n|gametype|doubles\n|player|p1|B.AngelOwO|guitarist|1118\n|player|p2|Lynxzz|larry|1122\n|teamsize|p1|6\n|teamsize|p2|6\n|gen|9\n|tier|[Gen 9] VGC 2023 Regulation C\n|rated|\n|rule|Species Clause: Limit one of each Pok\u00e9mon\n|rule|Item Clause: Limit one of each item\n|clearpoke\n|poke|p1|Florges-Yellow, L50, F|\n|poke|p1|Mudsdale, L50, M|\n|poke|p1|Luxray, L50, M|\n|poke|p1|Indeedee-F, L50, F|\n|poke|p1|Armarouge, L50, M|\n|poke|p1|Flutter Mane, L50|\n|poke|p2|Arcanine, L50, F|\n|poke|p2|Breloom, L50, M|\n|poke|p2|Ting-Lu, L50|\n|poke|p2|Flutter Mane, L50|\n|poke|p2|Palafin, L50, F|\n|poke|p2|Chien-Pao, L50|\n|teampreview|4\n|inactive|Battle timer is ON: inactive players will automatically lose when time's up. (requested by B.AngelOwO)\n|inactive|B.AngelOwO has 60 seconds left.\n|inactive|B.AngelOwO has 30 seconds left.\n|\n|t:|1682571712\n|start\n|switch|p1a: Armarouge|Armarouge, L50, M|100\/100\n|switch|p1b: Flutter Mane|Flutter Mane, L50|100\/100\n|switch|p2a: Big Man|Ting-Lu, L50|100\/100\n|switch|p2b: Friend|Palafin, L50, F|100\/100\n|-ability|p2a: Big Man|Vessel of Ruin\n|-enditem|p1b: Flutter Mane|Booster Energy\n|-activate|p1b: Flutter Mane|ability: Protosynthesis|[fromitem]\n|-start|p1b: Flutter Mane|protosynthesisspa\n|turn|1\n|\n|t:|1682571731\n|move|p2b: Friend|Protect|p2b: Friend\n|-singleturn|p2b: Friend|Protect\n|move|p1b: Flutter Mane|Dazzling Gleam|p2a: Big Man|[spread] p2a\n|-activate|p2b: Friend|move: Protect\n|-supereffective|p2a: Big Man\n|-damage|p2a: Big Man|75\/100\n|move|p1a: Armarouge|Energy Ball|p2a: Big Man\n|-supereffective|p2a: Big Man\n|-damage|p2a: Big Man|52\/100\n|move|p2a: Big Man|Heavy Slam|p1b: Flutter Mane\n|-supereffective|p1b: Flutter Mane\n|-damage|p1b: Flutter Mane|4\/100\n|\n|upkeep\n|turn|2\n|inactive|B.AngelOwO has 30 seconds left.\n|\n|t:|1682571765\n|-terastallize|p1a: Armarouge|Grass\n|move|p1b: Flutter Mane|Protect|p1b: Flutter Mane\n|-singleturn|p1b: Flutter Mane|Protect\n|move|p2b: Friend|Jet Punch|p1b: Flutter Mane\n|-activate|p1b: Flutter Mane|move: Protect\n|move|p1a: Armarouge|Energy Ball|p2a: Big Man\n|-supereffective|p2a: Big Man\n|-damage|p2a: Big Man|13\/100\n|move|p2a: Big Man|Stomping Tantrum|p1a: Armarouge\n|-resisted|p1a: Armarouge\n|-damage|p1a: Armarouge|85\/100\n|\n|upkeep\n|turn|3\n|\n|t:|1682571788\n|-end|p1b: Flutter Mane|Protosynthesis|[silent]\n|switch|p1b: Luxray|Luxray, L50, M|100\/100\n|-ability|p1b: Luxray|Intimidate|boost\n|-unboost|p2a: Big Man|atk|1\n|-unboost|p2b: Friend|atk|1\n|move|p2b: Friend|Jet Punch|p1b: Luxray\n|-damage|p1b: Luxray|83\/100\n|move|p1a: Armarouge|Energy Ball|p2b: Friend\n|-supereffective|p2b: Friend\n|-damage|p2b: Friend|0 fnt\n|faint|p2b: Friend\n|move|p2a: Big Man|Payback|p1a: Armarouge\n|-damage|p1a: Armarouge|61\/100\n|\n|upkeep\n|\n|t:|1682571797\n|switch|p2b: Breloom|Breloom, L50, M, shiny|100\/100\n|turn|4\n|inactive|B.AngelOwO has 30 seconds left.\n|inactive|B.AngelOwO has 20 seconds left.\n|inactive|Lynxzz has 30 seconds left.\n|inactive|B.AngelOwO has 15 seconds left.\n|\n|t:|1682571839\n|move|p1b: Luxray|Baby-Doll Eyes|p2b: Breloom\n|-unboost|p2b: Breloom|atk|1\n|move|p2b: Breloom|Spore|p1b: Luxray\n|-status|p1b: Luxray|slp|[from] move: Spore\n|move|p1a: Armarouge|Expanding Force|p2b: Breloom\n|-supereffective|p2b: Breloom\n|-damage|p2b: Breloom|3\/100\n|move|p2a: Big Man|Payback|p1a: Armarouge\n|-damage|p1a: Armarouge|35\/100\n|\n|upkeep\n|turn|5\n|\n|t:|1682571855\n|move|p2b: Breloom|Mach Punch|p1a: Armarouge\n|-damage|p1a: Armarouge|19\/100\n|move|p1a: Armarouge|Energy Ball|p2a: Big Man\n|-supereffective|p2a: Big Man\n|-damage|p2a: Big Man|0 fnt\n|faint|p2a: Big Man\n|cant|p1b: Luxray|slp\n|\n|upkeep\n|\n|t:|1682571859\n|switch|p2a: Kira|Chien-Pao, L50|100\/100\n|-ability|p2a: Kira|Sword of Ruin\n|turn|6\n|\n|t:|1682571872\n|switch|p1a: Flutter Mane|Flutter Mane, L50|4\/100\n|move|p2a: Kira|Sucker Punch||[still]\n|-fail|p2a: Kira\n|move|p2b: Breloom|Swords Dance|p2b: Breloom\n|-boost|p2b: Breloom|atk|2\n|-curestatus|p1b: Luxray|slp|[msg]\n|move|p1b: Luxray|Thunder Wave|p2a: Kira\n|-status|p2a: Kira|par\n|\n|upkeep\n|turn|7\n|\n|t:|1682571888\n|move|p2a: Kira|Sucker Punch|p1a: Flutter Mane\n|-damage|p1a: Flutter Mane|0 fnt\n|faint|p1a: Flutter Mane\n|-end|p1a: Flutter Mane|Protosynthesis|[silent]\n|move|p2b: Breloom|Spore|p1b: Luxray\n|-status|p1b: Luxray|slp|[from] move: Spore\n|cant|p1b: Luxray|slp\n|\n|upkeep\n|\n|t:|1682571898\n|switch|p1a: Mudsdale|Mudsdale, L50, M|100\/100\n|turn|8\n|\n|t:|1682571912\n|-terastallize|p2a: Kira|Ghost\n|cant|p1b: Luxray|slp\n|move|p2a: Kira|Ice Spinner|p1a: Mudsdale\n|-supereffective|p1a: Mudsdale\n|-damage|p1a: Mudsdale|2\/100\n|-ability|p1a: Mudsdale|Stamina|boost\n|-boost|p1a: Mudsdale|def|1\n|-enditem|p1a: Mudsdale|Weakness Policy\n|-boost|p1a: Mudsdale|atk|2|[from] item: Weakness Policy\n|-boost|p1a: Mudsdale|spa|2|[from] item: Weakness Policy\n|move|p2b: Breloom|Bullet Seed|p1a: Mudsdale\n|-supereffective|p1a: Mudsdale\n|-damage|p1a: Mudsdale|0 fnt\n|faint|p1a: Mudsdale\n|-hitcount|p1: Mudsdale|1\n|\n|upkeep\n|\n|t:|1682571927\n|switch|p1a: Armarouge|Armarouge, L50, M, tera:Grass|19\/100\n|turn|9\n|\n|t:|1682571939\n|move|p1a: Armarouge|Protect|p1a: Armarouge\n|-singleturn|p1a: Armarouge|Protect\n|move|p2a: Kira|Sucker Punch||[still]\n|-fail|p2a: Kira\n|move|p2b: Breloom|Bullet Seed|p1b: Luxray\n|-damage|p1b: Luxray|49\/100 slp\n|-damage|p1b: Luxray|17\/100 slp\n|-enditem|p1b: Luxray|Mago Berry|[eat]\n|-heal|p1b: Luxray|50\/100 slp|[from] item: Mago Berry\n|-damage|p1b: Luxray|22\/100 slp\n|-damage|p1b: Luxray|0 fnt\n|faint|p1b: Luxray\n|-hitcount|p1: Luxray|4\n|\n|upkeep\n|turn|10\n|-message|B.AngelOwO forfeited.\n|\n|win|Lynxzz\n|raw|B.AngelOwO's rating: 1118 → 1093<\/strong> (-25 for losing)\n|raw|Lynxzz's rating: 1122 → 1147<\/strong> (+25 for winning)\n|l|\u2606B.AngelOwO\n","uploadtime":1682571970,"views":11,"p1id":"bangelowo","p2id":"lynxzz","formatid":"gen9vgc2023regulationc","rating":1093,"private":0,"password":""}