{"id":"gen9vgc2023regulationc-1862136137","p1":"pronetopwn2","p2":"TonnyDolfing","format":"[Gen 9] VGC 2023 Regulation C","log":"|j|\u2606pronetopwn2\n|j|\u2606TonnyDolfing\n|t:|1683840816\n|gametype|doubles\n|player|p1|pronetopwn2|169|1206\n|player|p2|TonnyDolfing|lucas-gen4pt|1213\n|teamsize|p1|6\n|teamsize|p2|6\n|gen|9\n|tier|[Gen 9] VGC 2023 Regulation C\n|rated|\n|rule|Species Clause: Limit one of each Pok\u00e9mon\n|rule|Item Clause: Limit one of each item\n|clearpoke\n|poke|p1|Torkoal, L50, M|\n|poke|p1|Hariyama, L50, F|\n|poke|p1|Hatterene, L50, F|\n|poke|p1|Maushold-Four, L50|\n|poke|p1|Farigiraf, L50, M|\n|poke|p1|Kingambit, L50, F|\n|poke|p2|Abomasnow, L50, F|\n|poke|p2|Chien-Pao, L50|\n|poke|p2|Kingambit, L50, F|\n|poke|p2|Dondozo, L50, M|\n|poke|p2|Garganacl, L50, M|\n|poke|p2|Ting-Lu, L50|\n|teampreview|4\n|inactive|Battle timer is ON: inactive players will automatically lose when time's up. (requested by TonnyDolfing)\n|inactive|pronetopwn2 has 60 seconds left.\n|\n|t:|1683840894\n|start\n|switch|p1a: Farigiraf|Farigiraf, L50, M|100\/100\n|switch|p1b: Hariyama|Hariyama, L50, F|100\/100\n|switch|p2a: Abomasnow|Abomasnow, L50, F|100\/100\n|switch|p2b: Dondozo|Dondozo, L50, M|100\/100\n|-weather|Snow|[from] ability: Snow Warning|[of] p2a: Abomasnow\n|turn|1\n|inactive|pronetopwn2 has 30 seconds left.\n|\n|t:|1683840929\n|move|p1b: Hariyama|Fake Out|p2a: Abomasnow\n|-damage|p2a: Abomasnow|91\/100\n|-damage|p1b: Hariyama|84\/100|[from] item: Rocky Helmet|[of] p2a: Abomasnow\n|move|p1a: Farigiraf|Shadow Ball|p2a: Abomasnow\n|-damage|p2a: Abomasnow|70\/100\n|cant|p2a: Abomasnow|flinch\n|move|p2b: Dondozo|Yawn|p1b: Hariyama\n|-start|p1b: Hariyama|move: Yawn|[of] p2b: Dondozo\n|\n|-weather|Snow|[upkeep]\n|-status|p1b: Hariyama|brn|[from] item: Flame Orb\n|upkeep\n|turn|2\n|\n|t:|1683840950\n|move|p2a: Abomasnow|Aurora Veil|p2a: Abomasnow\n|-sidestart|p2: TonnyDolfing|move: Aurora Veil\n|move|p1b: Hariyama|Close Combat|p2a: Abomasnow\n|-supereffective|p2a: Abomasnow\n|-damage|p2a: Abomasnow|0 fnt\n|-unboost|p1b: Hariyama|def|1\n|-unboost|p1b: Hariyama|spd|1\n|-damage|p1b: Hariyama|68\/100 brn|[from] item: Rocky Helmet|[of] p2a: Abomasnow\n|faint|p2a: Abomasnow\n|move|p2b: Dondozo|Yawn|p1a: Farigiraf\n|-start|p1a: Farigiraf|move: Yawn|[of] p2b: Dondozo\n|move|p1a: Farigiraf|Trick Room|p1a: Farigiraf\n|-fieldstart|move: Trick Room|[of] p1a: Farigiraf\n|\n|-weather|Snow|[upkeep]\n|-damage|p1b: Hariyama|62\/100 brn|[from] brn\n|-end|p1b: Hariyama|move: Yawn|[silent]\n|upkeep\n|\n|t:|1683840963\n|switch|p2a: Garganacl|Garganacl, L50, M|100\/100\n|turn|3\n|\n|t:|1683840972\n|switch|p1a: Torkoal|Torkoal, L50, M|100\/100\n|-weather|SunnyDay|[from] ability: Drought|[of] p1a: Torkoal\n|move|p2b: Dondozo|Fissure|p1a: Torkoal|[miss]\n|-miss|p2b: Dondozo|p1a: Torkoal\n|move|p2a: Garganacl|Fissure|p1b: Hariyama|[miss]\n|-miss|p2a: Garganacl|p1b: Hariyama\n|move|p1b: Hariyama|Knock Off|p2a: Garganacl\n|-damage|p2a: Garganacl|77\/100\n|-enditem|p2a: Garganacl|Sitrus Berry|[from] move: Knock Off|[of] p1b: Hariyama\n|\n|-weather|SunnyDay|[upkeep]\n|-damage|p1b: Hariyama|56\/100 brn|[from] brn\n|upkeep\n|turn|4\n|\n|t:|1683840989\n|-terastallize|p1a: Torkoal|Fire\n|move|p1a: Torkoal|Eruption|p2b: Dondozo|[spread] p2a,p2b\n|-resisted|p2a: Garganacl\n|-resisted|p2b: Dondozo\n|-damage|p2a: Garganacl|46\/100\n|-damage|p2b: Dondozo|70\/100\n|move|p2b: Dondozo|Fissure|p1a: Torkoal\n|-damage|p1a: Torkoal|0 fnt\n|faint|p1a: Torkoal\n|-ohko\n|move|p2a: Garganacl|Fissure|p1b: Hariyama\n|-damage|p1b: Hariyama|0 fnt\n|faint|p1b: Hariyama\n|-ohko\n|\n|-weather|SunnyDay|[upkeep]\n|upkeep\n|\n|t:|1683841002\n|switch|p1a: Farigiraf|Farigiraf, L50, M|100\/100\n|switch|p1b: Maushold|Maushold-Four, L50|100\/100\n|turn|5\n|\n|t:|1683841015\n|-terastallize|p2a: Garganacl|Ghost\n|move|p1a: Farigiraf|Protect|p1a: Farigiraf\n|-singleturn|p1a: Farigiraf|Protect\n|move|p2a: Garganacl|Salt Cure|p1a: Farigiraf\n|-activate|p1a: Farigiraf|move: Protect\n|move|p2b: Dondozo|Yawn|p1b: Maushold\n|-start|p1b: Maushold|move: Yawn|[of] p2b: Dondozo\n|move|p1b: Maushold|Encore|p2a: Garganacl\n|-start|p2a: Garganacl|Encore\n|\n|-weather|SunnyDay|[upkeep]\n|upkeep\n|turn|6\n|\n|t:|1683841039\n|move|p1b: Maushold|Protect|p1b: Maushold\n|-singleturn|p1b: Maushold|Protect\n|move|p2a: Garganacl|Salt Cure|p1a: Farigiraf\n|-damage|p1a: Farigiraf|89\/100\n|-start|p1a: Farigiraf|Salt Cure\n|move|p2b: Dondozo|Yawn|p1a: Farigiraf\n|-start|p1a: Farigiraf|move: Yawn|[of] p2b: Dondozo\n|move|p1a: Farigiraf|Shadow Ball|p2a: Garganacl\n|-supereffective|p2a: Garganacl\n|-damage|p2a: Garganacl|36\/100\n|\n|-weather|SunnyDay|[upkeep]\n|-damage|p1a: Farigiraf|77\/100|[from] Salt Cure\n|-end|p1b: Maushold|move: Yawn|[silent]\n|-status|p1b: Maushold|slp\n|-sideend|p2: TonnyDolfing|move: Aurora Veil\n|-fieldend|move: Trick Room\n|upkeep\n|turn|7\n|-message|pronetopwn2 forfeited.\n|\n|win|TonnyDolfing\n|raw|pronetopwn2's rating: 1206 → 1182<\/strong> (-24 for losing)\n|raw|TonnyDolfing's rating: 1213 → 1237<\/strong> (+24 for winning)\n|l|\u2606pronetopwn2\n","uploadtime":1683841073,"views":7,"p1id":"pronetopwn2","p2id":"tonnydolfing","formatid":"gen9vgc2023regulationc","rating":1182,"private":0,"password":""}