{"id":"gen9vgc2023regulationc-1849532786","p1":"sodoo","p2":"xiaoyang2004","format":"[Gen 9] VGC 2023 Regulation C","log":"|j|\u2606sodoo\n|j|\u2606xiaoyang2004\n|t:|1682209855\n|gametype|doubles\n|player|p1|sodoo|youngster-gen4dp|1281\n|player|p2|xiaoyang2004|lyra|1323\n|teamsize|p1|6\n|teamsize|p2|6\n|gen|9\n|tier|[Gen 9] VGC 2023 Regulation C\n|rated|\n|rule|Species Clause: Limit one of each Pok\u00e9mon\n|rule|Item Clause: Limit one of each item\n|clearpoke\n|poke|p1|Baxcalibur, L50, F|\n|poke|p1|Garganacl, L50, F|\n|poke|p1|Gholdengo, L50|\n|poke|p1|Meowscarada, L50, F|\n|poke|p1|Mimikyu, L50, F|\n|poke|p1|Tauros-Paldea-Aqua, L50, M|\n|poke|p2|Pelipper, L50, M|\n|poke|p2|Iron Hands, L50|\n|poke|p2|Palafin, L50, M|\n|poke|p2|Gholdengo, L50|\n|poke|p2|Drednaw, L50, M|\n|poke|p2|Chien-Pao, L50|\n|teampreview|4\n|inactive|Battle timer is ON: inactive players will automatically lose when time's up. (requested by sodoo)\n|\n|t:|1682209904\n|start\n|switch|p1a: Gholdengo|Gholdengo, L50|100\/100\n|switch|p1b: Meowscarada|Meowscarada, L50, F|100\/100\n|switch|p2a: Palafin|Palafin, L50, M, shiny|100\/100\n|switch|p2b: Drednaw|Drednaw, L50, M, shiny|100\/100\n|turn|1\n|inactive|sodoo has 30 seconds left.\n|inactive|xiaoyang2004 has 30 seconds left.\n|inactive|sodoo has 20 seconds left.\n|inactive|xiaoyang2004 has 20 seconds left.\n|inactive|sodoo has 15 seconds left.\n|inactive|xiaoyang2004 has 15 seconds left.\n|inactive|sodoo has 10 seconds left.\n|inactive|sodoo has 5 seconds left.\n|\n|t:|1682209954\n|detailschange|p2a: Palafin|Palafin-Hero, L50, M, shiny\n|switch|p2a: Pelipper|Pelipper, L50, M, shiny|100\/100\n|-weather|RainDance|[from] ability: Drizzle|[of] p2a: Pelipper\n|-terastallize|p1a: Gholdengo|Steel\n|move|p2b: Drednaw|Rock Slide|p1a: Gholdengo|[spread] p1a,p1b\n|-resisted|p1a: Gholdengo\n|-damage|p1a: Gholdengo|86\/100\n|-damage|p1b: Meowscarada|55\/100\n|cant|p1b: Meowscarada|flinch\n|move|p1a: Gholdengo|Make It Rain|p2a: Pelipper|[spread] p2a,p2b\n|-resisted|p2a: Pelipper\n|-damage|p2a: Pelipper|55\/100\n|-damage|p2b: Drednaw|0 fnt\n|-unboost|p1a: Gholdengo|spa|1\n|faint|p2b: Drednaw\n|\n|-weather|RainDance|[upkeep]\n|upkeep\n|\n|t:|1682209979\n|switch|p2b: Palafin|Palafin-Hero, L50, M, shiny|100\/100\n|-activate|p2b: Palafin|ability: Zero to Hero\n|turn|2\n|\n|t:|1682209994\n|switch|p1a: Tauros|Tauros-Paldea-Aqua, L50, M|100\/100\n|-ability|p1a: Tauros|Intimidate|boost\n|-unboost|p2a: Pelipper|atk|1\n|-unboost|p2b: Palafin|atk|1\n|-terastallize|p2b: Palafin|Water\n|move|p1b: Meowscarada|Protect|p1b: Meowscarada\n|-singleturn|p1b: Meowscarada|Protect\n|move|p2a: Pelipper|Protect|p2a: Pelipper\n|-singleturn|p2a: Pelipper|Protect\n|move|p2b: Palafin|Jet Punch|p1b: Meowscarada\n|-activate|p1b: Meowscarada|move: Protect\n|\n|-weather|RainDance|[upkeep]\n|upkeep\n|turn|3\n|\n|t:|1682210015\n|move|p1b: Meowscarada|Sucker Punch|p2b: Palafin\n|-damage|p2b: Palafin|71\/100\n|move|p2b: Palafin|Jet Punch|p1b: Meowscarada\n|-resisted|p1b: Meowscarada\n|-damage|p1b: Meowscarada|0 fnt\n|faint|p1b: Meowscarada\n|move|p1a: Tauros|Wave Crash|p2b: Palafin\n|-resisted|p2b: Palafin\n|-damage|p2b: Palafin|43\/100\n|-damage|p1a: Tauros|90\/100|[from] Recoil\n|move|p2a: Pelipper|Tailwind|p2a: Pelipper\n|-sidestart|p2: xiaoyang2004|move: Tailwind\n|\n|-weather|RainDance|[upkeep]\n|upkeep\n|\n|t:|1682210025\n|switch|p1b: Mimikyu|Mimikyu, L50, F|100\/100\n|turn|4\n|\n|t:|1682210035\n|switch|p2b: Iron Hands|Iron Hands, L50, shiny|100\/100\n|move|p2a: Pelipper|Hurricane|p1a: Tauros\n|-supereffective|p1a: Tauros\n|-damage|p1a: Tauros|0 fnt\n|faint|p1a: Tauros\n|move|p1b: Mimikyu|Shadow Claw|p2b: Iron Hands\n|-damage|p2b: Iron Hands|73\/100\n|-damage|p1b: Mimikyu|91\/100|[from] item: Life Orb\n|\n|-weather|RainDance|[upkeep]\n|upkeep\n|\n|t:|1682210039\n|switch|p1a: Gholdengo|Gholdengo, L50, tera:Steel|86\/100\n|turn|5\n|\n|t:|1682210053\n|move|p2a: Pelipper|Hurricane|p1b: Mimikyu\n|-activate|p1b: Mimikyu|ability: Disguise\n|-damage|p1b: Mimikyu|91\/100\n|detailschange|p1b: Mimikyu|Mimikyu-Busted, L50, F\n|-damage|p1b: Mimikyu|78\/100|[from] pokemon: Mimikyu-Busted\n|move|p2b: Iron Hands|Drain Punch|p1a: Gholdengo\n|-supereffective|p1a: Gholdengo\n|-damage|p1a: Gholdengo|11\/100\n|-heal|p2b: Iron Hands|99\/100|[from] drain|[of] p1a: Gholdengo\n|move|p1a: Gholdengo|Make It Rain|p2a: Pelipper|[spread] p2a,p2b\n|-resisted|p2a: Pelipper\n|-resisted|p2b: Iron Hands\n|-damage|p2a: Pelipper|14\/100\n|-damage|p2b: Iron Hands|79\/100\n|-unboost|p1a: Gholdengo|spa|1\n|move|p1b: Mimikyu|Play Rough|p2b: Iron Hands\n|-supereffective|p2b: Iron Hands\n|-damage|p2b: Iron Hands|15\/100\n|-damage|p1b: Mimikyu|68\/100|[from] item: Life Orb\n|\n|-weather|RainDance|[upkeep]\n|upkeep\n|turn|6\n|inactive|xiaoyang2004 has 30 seconds left.\n|\n|t:|1682210084\n|move|p1b: Mimikyu|Shadow Sneak|p2b: Iron Hands\n|-damage|p2b: Iron Hands|0 fnt\n|faint|p2b: Iron Hands\n|-end|p2b: Iron Hands|Quark Drive|[silent]\n|-damage|p1b: Mimikyu|59\/100|[from] item: Life Orb\n|move|p2a: Pelipper|Hurricane|p1a: Gholdengo\n|-resisted|p1a: Gholdengo\n|-damage|p1a: Gholdengo|0 fnt\n|faint|p1a: Gholdengo\n|\n|-weather|RainDance|[upkeep]\n|-sideend|p2: xiaoyang2004|move: Tailwind\n|upkeep\n|\n|t:|1682210093\n|switch|p2b: Palafin|Palafin-Hero, L50, M, shiny, tera:Water|43\/100\n|turn|7\n|\n|t:|1682210099\n|move|p1b: Mimikyu|Protect|p1b: Mimikyu\n|-singleturn|p1b: Mimikyu|Protect\n|move|p2b: Palafin|Jet Punch|p1b: Mimikyu\n|-activate|p1b: Mimikyu|move: Protect\n|move|p2a: Pelipper|Hydro Pump|p1b: Mimikyu\n|-activate|p1b: Mimikyu|move: Protect\n|\n|-weather|RainDance|[upkeep]\n|upkeep\n|turn|8\n|-message|sodoo forfeited.\n|\n|win|xiaoyang2004\n|raw|sodoo's rating: 1281 → 1259<\/strong> (-22 for losing)\n|raw|xiaoyang2004's rating: 1323 → 1341<\/strong> (+18 for winning)\n|l|\u2606sodoo\n","uploadtime":1682210111,"views":2,"p1id":"sodoo","p2id":"xiaoyang2004","formatid":"gen9vgc2023regulationc","rating":1259,"private":0,"password":""}