{"id":"gen9vgc2023regulationc-1854148089","p1":"ttsui234","p2":"h6016701","format":"[Gen 9] VGC 2023 Regulation C","log":"|j|\u2606ttsui234\n|j|\u2606h6016701\n|t:|1682776431\n|gametype|doubles\n|player|p1|ttsui234|266|\n|player|p2|h6016701|265|\n|teamsize|p1|6\n|teamsize|p2|6\n|gen|9\n|tier|[Gen 9] VGC 2023 Regulation C\n|rule|Species Clause: Limit one of each Pok\u00e9mon\n|rule|Item Clause: Limit one of each item\n|clearpoke\n|poke|p1|Gothitelle, L50, F|\n|poke|p1|Altaria, L50, F|\n|poke|p1|Bisharp, L50, M|\n|poke|p1|Tauros-Paldea-Aqua, L50, M|\n|poke|p1|Lycanroc-Dusk, L50, M|\n|poke|p1|Gastrodon, L50, M|\n|poke|p2|Barraskewda, L50, F|\n|poke|p2|Drednaw, L50, M|\n|poke|p2|Lycanroc-Dusk, L50, M|\n|poke|p2|Grafaiai, L50, M|\n|poke|p2|Passimian, L50, M|\n|poke|p2|Masquerain, L50, F|\n|teampreview|4\n|\n|t:|1682776506\n|start\n|switch|p1a: Altaria|Altaria, L50, F|100\/100\n|switch|p1b: Tauros|Tauros-Paldea-Aqua, L50, M|100\/100\n|switch|p2a: Lycanroc|Lycanroc-Dusk, L50, M, shiny|100\/100\n|switch|p2b: Passimian|Passimian, L50, M, shiny|100\/100\n|-ability|p1b: Tauros|Intimidate|boost\n|-unboost|p2a: Lycanroc|atk|1\n|-unboost|p2b: Passimian|atk|1\n|turn|1\n|\n|t:|1682776544\n|switch|p1b: Gothitelle|Gothitelle, L50, F|100\/100\n|move|p2a: Lycanroc|Taunt|p1a: Altaria\n|-start|p1a: Altaria|move: Taunt\n|-enditem|p1a: Altaria|Mental Herb\n|-end|p1a: Altaria|move: Taunt\n|move|p2b: Passimian|Knock Off|p1b: Gothitelle\n|-supereffective|p1b: Gothitelle\n|-crit|p1b: Gothitelle\n|-damage|p1b: Gothitelle|13\/100\n|-enditem|p1b: Gothitelle|Sitrus Berry|[from] move: Knock Off|[of] p2b: Passimian\n|move|p1a: Altaria|Perish Song|p1a: Altaria\n|-start|p1a: Altaria|perish3|[silent]\n|-start|p1b: Gothitelle|perish3|[silent]\n|-start|p2a: Lycanroc|perish3|[silent]\n|-start|p2b: Passimian|perish3|[silent]\n|-fieldactivate|move: Perish Song\n|\n|-start|p2a: Lycanroc|perish3\n|-start|p2b: Passimian|perish3\n|-start|p1a: Altaria|perish3\n|-start|p1b: Gothitelle|perish3\n|upkeep\n|turn|2\n|\n|t:|1682776590\n|move|p1b: Gothitelle|Protect|p1b: Gothitelle\n|-singleturn|p1b: Gothitelle|Protect\n|move|p2b: Passimian|Feint|p1b: Gothitelle\n|-activate|p1b: Gothitelle|move: Feint\n|-damage|p1b: Gothitelle|6\/100\n|move|p2a: Lycanroc|Rock Slide|p1b: Gothitelle|[spread] p1b\n|-miss|p2a: Lycanroc|p1a: Altaria\n|-damage|p1b: Gothitelle|0 fnt\n|faint|p1b: Gothitelle\n|move|p1a: Altaria|Hurricane|p2b: Passimian|[miss]\n|-miss|p1a: Altaria|p2b: Passimian\n|\n|-start|p2a: Lycanroc|perish2\n|-start|p2b: Passimian|perish2\n|-start|p1a: Altaria|perish2\n|upkeep\n|\n|t:|1682776604\n|switch|p1b: Gastrodon|Gastrodon, L50, M|100\/100\n|turn|3\n|\n|t:|1682776616\n|switch|p2a: Masquerain|Masquerain, L50, F|100\/100\n|-ability|p2a: Masquerain|Intimidate|boost\n|-unboost|p1a: Altaria|atk|1\n|-unboost|p1b: Gastrodon|atk|1\n|switch|p2b: Grafaiai|Grafaiai, L50, M|100\/100\n|switch|p1a: Tauros|Tauros-Paldea-Aqua, L50, M|100\/100\n|-ability|p1a: Tauros|Intimidate|boost\n|-unboost|p2a: Masquerain|atk|1\n|-unboost|p2b: Grafaiai|atk|1\n|move|p1b: Gastrodon|Muddy Water|p2a: Masquerain|[spread] p2b\n|-miss|p1b: Gastrodon|p2a: Masquerain\n|-damage|p2b: Grafaiai|50\/100\n|\n|upkeep\n|turn|4\n|\n|t:|1682776653\n|-terastallize|p2a: Masquerain|Flying\n|-terastallize|p1a: Tauros|Steel\n|move|p2b: Grafaiai|Rain Dance|p2b: Grafaiai\n|-weather|RainDance\n|move|p2a: Masquerain|Hurricane|p1a: Tauros\n|-resisted|p1a: Tauros\n|-damage|p1a: Tauros|73\/100\n|-start|p1a: Tauros|confusion\n|-activate|p1a: Tauros|confusion\n|move|p1a: Tauros|Iron Head|p2a: Masquerain\n|-damage|p2a: Masquerain|22\/100\n|move|p1b: Gastrodon|Muddy Water|p2a: Masquerain|[spread] p2a,p2b\n|-damage|p2a: Masquerain|0 fnt\n|-damage|p2b: Grafaiai|0 fnt\n|faint|p2a: Masquerain\n|faint|p2b: Grafaiai\n|\n|-weather|RainDance|[upkeep]\n|upkeep\n|\n|t:|1682776671\n|switch|p2a: Lycanroc|Lycanroc-Dusk, L50, M, shiny|100\/100\n|switch|p2b: Passimian|Passimian, L50, M, shiny|100\/100\n|turn|5\n|\n|t:|1682776694\n|switch|p1a: Altaria|Altaria, L50, F|100\/100\n|move|p2a: Lycanroc|Rock Slide|p1a: Altaria|[spread] p1a,p1b\n|-supereffective|p1a: Altaria\n|-resisted|p1b: Gastrodon\n|-damage|p1a: Altaria|48\/100\n|-damage|p1b: Gastrodon|87\/100\n|move|p2b: Passimian|Drain Punch|p1a: Altaria\n|-resisted|p1a: Altaria\n|-damage|p1a: Altaria|31\/100\n|cant|p1b: Gastrodon|flinch\n|\n|-weather|RainDance|[upkeep]\n|upkeep\n|turn|6\n|\n|t:|1682776744\n|move|p1a: Altaria|Protect|p1a: Altaria\n|-singleturn|p1a: Altaria|Protect\n|move|p2a: Lycanroc|Rock Slide|p1a: Altaria|[spread] p1b\n|-activate|p1a: Altaria|move: Protect\n|-resisted|p1b: Gastrodon\n|-damage|p1b: Gastrodon|74\/100\n|move|p2b: Passimian|Drain Punch|p1a: Altaria\n|-activate|p1a: Altaria|move: Protect\n|move|p1b: Gastrodon|Muddy Water|p2a: Lycanroc|[spread] p2a\n|-miss|p1b: Gastrodon|p2b: Passimian\n|-supereffective|p2a: Lycanroc\n|-enditem|p2a: Lycanroc|Focus Sash\n|-damage|p2a: Lycanroc|1\/100\n|-unboost|p2a: Lycanroc|accuracy|1\n|\n|-weather|RainDance|[upkeep]\n|upkeep\n|turn|7\n|\n|t:|1682776772\n|move|p2a: Lycanroc|Rock Slide|p1b: Gastrodon|[spread] p1a,p1b\n|-supereffective|p1a: Altaria\n|-resisted|p1b: Gastrodon\n|-damage|p1a: Altaria|0 fnt\n|-damage|p1b: Gastrodon|59\/100\n|faint|p1a: Altaria\n|move|p2b: Passimian|Knock Off|p1b: Gastrodon\n|-damage|p1b: Gastrodon|27\/100\n|-enditem|p1b: Gastrodon|Mystic Water|[from] move: Knock Off|[of] p2b: Passimian\n|cant|p1b: Gastrodon|flinch\n|\n|-weather|RainDance|[upkeep]\n|upkeep\n|\n|t:|1682776782\n|switch|p1a: Tauros|Tauros-Paldea-Aqua, L50, M, tera:Steel|73\/100\n|-ability|p1a: Tauros|Intimidate|boost\n|-unboost|p2a: Lycanroc|atk|1\n|-unboost|p2b: Passimian|atk|1\n|turn|8\n|\n|t:|1682776803\n|move|p2b: Passimian|Feint|p1b: Gastrodon\n|-damage|p1b: Gastrodon|21\/100\n|move|p2a: Lycanroc|Accelerock|p1b: Gastrodon\n|-resisted|p1b: Gastrodon\n|-damage|p1b: Gastrodon|13\/100\n|move|p1a: Tauros|Wave Crash|p1b: Gastrodon\n|-activate|p1b: Gastrodon|ability: Storm Drain\n|-ability|p1b: Gastrodon|Storm Drain|boost\n|-boost|p1b: Gastrodon|spa|1\n|move|p1b: Gastrodon|Muddy Water|p2a: Lycanroc|[spread] \n|-miss|p1b: Gastrodon|p2a: Lycanroc\n|-miss|p1b: Gastrodon|p2b: Passimian\n|\n|-weather|RainDance|[upkeep]\n|upkeep\n|turn|9\n|\n|t:|1682776837\n|move|p2a: Lycanroc|Accelerock|p1b: Gastrodon\n|-resisted|p1b: Gastrodon\n|-damage|p1b: Gastrodon|5\/100\n|move|p1a: Tauros|Iron Head|p2b: Passimian\n|-damage|p2b: Passimian|60\/100\n|move|p2b: Passimian|Drain Punch|p1b: Gastrodon\n|-damage|p1b: Gastrodon|0 fnt\n|-heal|p2b: Passimian|63\/100|[from] drain|[of] p1b: Gastrodon\n|faint|p1b: Gastrodon\n|\n|-weather|RainDance|[upkeep]\n|upkeep\n|turn|10\n|\n|t:|1682776859\n|move|p2a: Lycanroc|Play Rough|p1a: Tauros\n|-resisted|p1a: Tauros\n|-damage|p1a: Tauros|62\/100\n|move|p1a: Tauros|Wave Crash|p2b: Passimian\n|-damage|p2b: Passimian|0 fnt\n|faint|p2b: Passimian\n|-damage|p1a: Tauros|38\/100|[from] Recoil\n|\n|-weather|RainDance|[upkeep]\n|upkeep\n|turn|11\n|\n|t:|1682776875\n|move|p1a: Tauros|Aqua Jet|p2a: Lycanroc\n|-supereffective|p2a: Lycanroc\n|-damage|p2a: Lycanroc|0 fnt\n|faint|p2a: Lycanroc\n|\n|win|ttsui234\n|l|\u2606ttsui234\n|j|\u2606ttsui234\n|player|p1|ttsui234|266\n","uploadtime":1682776890,"views":23,"p1id":"ttsui234","p2id":"h6016701","formatid":"gen9vgc2023regulationc","rating":0,"private":0,"password":""}