{"id":"gen9vgc2023regulationc-1846070161","p1":"tghdfgh","p2":"qzy1993","format":"[Gen 9] VGC 2023 Regulation C","log":"|j|\u2606tghdfgh\n|j|\u2606qzy1993\n|t:|1681801246\n|gametype|doubles\n|player|p1|tghdfgh|1|1000\n|player|p2|qzy1993|2|1068\n|teamsize|p1|6\n|teamsize|p2|6\n|gen|9\n|tier|[Gen 9] VGC 2023 Regulation C\n|rated|\n|rule|Species Clause: Limit one of each Pok\u00e9mon\n|rule|Item Clause: Limit one of each item\n|clearpoke\n|poke|p1|Torkoal, L50, M|\n|poke|p1|Chi-Yu, L50|\n|poke|p1|Bronzong, L50|\n|poke|p1|Gastrodon, L50, M|\n|poke|p1|Grimmsnarl, L50, M|\n|poke|p1|Skeledirge, L50, F|\n|poke|p2|Iron Valiant, L50|\n|poke|p2|Toxapex, L50, M|\n|poke|p2|Meowscarada, L50, M|\n|poke|p2|Kingambit, L50, M|\n|poke|p2|Chi-Yu, L50|\n|poke|p2|Talonflame, L50, F|\n|teampreview|4\n|inactive|Battle timer is ON: inactive players will automatically lose when time's up. (requested by tghdfgh)\n|\n|t:|1681801297\n|start\n|switch|p1a: Grimmsnarl|Grimmsnarl, L50, M|100\/100\n|switch|p1b: Bronzong|Bronzong, L50|100\/100\n|switch|p2a: Talonflame|Talonflame, L50, F|100\/100\n|switch|p2b: Iron Valiant|Iron Valiant, L50|100\/100\n|-enditem|p2b: Iron Valiant|Booster Energy\n|-activate|p2b: Iron Valiant|ability: Quark Drive|[fromitem]\n|-start|p2b: Iron Valiant|quarkdrivespe\n|turn|1\n|inactive|qzy1993 has 30 seconds left.\n|inactive|qzy1993 has 20 seconds left.\n|inactive|qzy1993 has 15 seconds left.\n|inactive|qzy1993 has 10 seconds left.\n|\n|t:|1681801344\n|move|p1a: Grimmsnarl|Fake Out|p2b: Iron Valiant\n|-damage|p2b: Iron Valiant|82\/100\n|cant|p2b: Iron Valiant|flinch\n|move|p2a: Talonflame|Taunt|p1b: Bronzong\n|-start|p1b: Bronzong|move: Taunt\n|move|p1b: Bronzong|Iron Head|p2b: Iron Valiant\n|-supereffective|p2b: Iron Valiant\n|-damage|p2b: Iron Valiant|20\/100\n|\n|upkeep\n|turn|2\n|inactive|tghdfgh has 30 seconds left.\n|inactive|qzy1993 has 30 seconds left.\n|\n|t:|1681801371\n|switch|p1b: Skeledirge|Skeledirge, L50, F|100\/100\n|move|p2a: Talonflame|Tailwind|p2a: Talonflame\n|-sidestart|p2: qzy1993|move: Tailwind\n|move|p1a: Grimmsnarl|Sucker Punch|p2b: Iron Valiant\n|-resisted|p2b: Iron Valiant\n|-damage|p2b: Iron Valiant|10\/100\n|move|p2b: Iron Valiant|Spirit Break|p1a: Grimmsnarl\n|-supereffective|p1a: Grimmsnarl\n|-damage|p1a: Grimmsnarl|15\/100\n|-unboost|p1a: Grimmsnarl|spa|1\n|\n|upkeep\n|turn|3\n|inactive|qzy1993 has 30 seconds left.\n|\n|t:|1681801405\n|-end|p2b: Iron Valiant|Quark Drive|[silent]\n|switch|p2b: Chi-Yu|Chi-Yu, L50|100\/100\n|-ability|p2b: Chi-Yu|Beads of Ruin\n|move|p1b: Skeledirge|Protect|p1b: Skeledirge\n|-singleturn|p1b: Skeledirge|Protect\n|move|p2a: Talonflame|Brave Bird|p1b: Skeledirge\n|-activate|p1b: Skeledirge|move: Protect\n|move|p1a: Grimmsnarl|Trick|p2a: Talonflame\n|-activate|p1a: Grimmsnarl|move: Trick|[of] p2a: Talonflame\n|-item|p2a: Talonflame|Lagging Tail|[from] move: Trick\n|-item|p1a: Grimmsnarl|Focus Sash|[from] move: Trick\n|\n|upkeep\n|turn|4\n|inactive|qzy1993 has 30 seconds left.\n|\n|t:|1681801436\n|-terastallize|p1b: Skeledirge|Fairy\n|move|p1a: Grimmsnarl|Sucker Punch|p2b: Chi-Yu\n|-resisted|p2b: Chi-Yu\n|-damage|p2b: Chi-Yu|72\/100\n|move|p2a: Talonflame|Brave Bird|p1b: Skeledirge\n|-damage|p1b: Skeledirge|58\/100\n|-damage|p2a: Talonflame|82\/100|[from] Recoil\n|move|p2b: Chi-Yu|Flamethrower|p1a: Grimmsnarl\n|-damage|p1a: Grimmsnarl|0 fnt\n|faint|p1a: Grimmsnarl\n|-damage|p2b: Chi-Yu|62\/100|[from] item: Life Orb\n|move|p1b: Skeledirge|Tera Blast|p2b: Chi-Yu\n|-damage|p2b: Chi-Yu|16\/100\n|\n|-heal|p1b: Skeledirge|64\/100|[from] item: Leftovers\n|upkeep\n|\n|t:|1681801453\n|switch|p1a: Gastrodon|Gastrodon, L50, M|100\/100\n|turn|5\n|\n|t:|1681801465\n|move|p1b: Skeledirge|Protect|p1b: Skeledirge\n|-singleturn|p1b: Skeledirge|Protect\n|move|p1a: Gastrodon|Protect|p1a: Gastrodon\n|-singleturn|p1a: Gastrodon|Protect\n|move|p2b: Chi-Yu|Heat Wave|p1b: Skeledirge|[spread] \n|-activate|p1a: Gastrodon|move: Protect\n|-activate|p1b: Skeledirge|move: Protect\n|move|p2a: Talonflame|Taunt|p1a: Gastrodon\n|-activate|p1a: Gastrodon|move: Protect\n|\n|-heal|p1b: Skeledirge|70\/100|[from] item: Leftovers\n|-sideend|p2: qzy1993|move: Tailwind\n|upkeep\n|turn|6\n|\n|t:|1681801486\n|move|p2b: Chi-Yu|Heat Wave|p1a: Gastrodon|[spread] p1a,p1b\n|-resisted|p1a: Gastrodon\n|-damage|p1a: Gastrodon|75\/100\n|-damage|p1b: Skeledirge|3\/100\n|-damage|p2b: Chi-Yu|6\/100|[from] item: Life Orb\n|move|p1b: Skeledirge|Encore|p2a: Talonflame\n|-start|p2a: Talonflame|Encore\n|move|p1a: Gastrodon|Sludge Bomb|p2b: Chi-Yu\n|-damage|p2b: Chi-Yu|0 fnt\n|faint|p2b: Chi-Yu\n|move|p2a: Talonflame|Taunt|p1b: Skeledirge\n|-start|p1b: Skeledirge|move: Taunt\n|\n|-heal|p1b: Skeledirge|9\/100|[from] item: Leftovers\n|upkeep\n|\n|t:|1681801505\n|switch|p2b: Toxapex|Toxapex, L50, M|100\/100\n|turn|7\n|\n|t:|1681801516\n|switch|p1b: Bronzong|Bronzong, L50|100\/100\n|move|p1a: Gastrodon|Sludge Bomb|p2a: Talonflame\n|-damage|p2a: Talonflame|43\/100\n|move|p2b: Toxapex|Sludge Bomb|p1b: Bronzong\n|-immune|p1b: Bronzong\n|move|p2a: Talonflame|Taunt|p1a: Gastrodon\n|-start|p1a: Gastrodon|move: Taunt\n|\n|upkeep\n|turn|8\n|inactive|tghdfgh has 30 seconds left.\n|\n|t:|1681801542\n|move|p1a: Gastrodon|Sludge Bomb|p2a: Talonflame\n|-damage|p2a: Talonflame|4\/100\n|-status|p2a: Talonflame|psn\n|move|p2b: Toxapex|Ice Beam|p1a: Gastrodon\n|-damage|p1a: Gastrodon|63\/100\n|move|p1b: Bronzong|Body Press|p2a: Talonflame\n|-resisted|p2a: Talonflame\n|-damage|p2a: Talonflame|0 fnt\n|faint|p2a: Talonflame\n|\n|upkeep\n|\n|t:|1681801554\n|switch|p2a: Iron Valiant|Iron Valiant, L50|10\/100\n|turn|9\n|inactive|qzy1993 has 30 seconds left.\n|\n|t:|1681801579\n|switch|p1a: Skeledirge|Skeledirge, L50, F, tera:Fairy|9\/100\n|move|p2a: Iron Valiant|Close Combat|p1a: Skeledirge\n|-resisted|p1a: Skeledirge\n|-damage|p1a: Skeledirge|0 fnt\n|-unboost|p2a: Iron Valiant|def|1\n|-unboost|p2a: Iron Valiant|spd|1\n|faint|p1a: Skeledirge\n|move|p2b: Toxapex|Ice Beam|p1b: Bronzong\n|-resisted|p1b: Bronzong\n|-damage|p1b: Bronzong|95\/100\n|move|p1b: Bronzong|Iron Head|p2a: Iron Valiant\n|-supereffective|p2a: Iron Valiant\n|-damage|p2a: Iron Valiant|0 fnt\n|faint|p2a: Iron Valiant\n|-end|p2a: Iron Valiant|Quark Drive|[silent]\n|\n|upkeep\n|\n|t:|1681801590\n|switch|p1a: Gastrodon|Gastrodon, L50, M|63\/100\n|turn|10\n|\n|t:|1681801599\n|move|p1a: Gastrodon|Protect|p1a: Gastrodon\n|-singleturn|p1a: Gastrodon|Protect\n|move|p2b: Toxapex|Ice Beam|p1a: Gastrodon\n|-activate|p1a: Gastrodon|move: Protect\n|move|p1b: Bronzong|Stomping Tantrum|p2b: Toxapex\n|-supereffective|p2b: Toxapex\n|-damage|p2b: Toxapex|76\/100\n|\n|upkeep\n|turn|11\n|\n|t:|1681801610\n|move|p1a: Gastrodon|Earth Power|p2b: Toxapex\n|-supereffective|p2b: Toxapex\n|-damage|p2b: Toxapex|27\/100\n|-enditem|p2b: Toxapex|Sitrus Berry|[eat]\n|-heal|p2b: Toxapex|51\/100|[from] item: Sitrus Berry\n|move|p2b: Toxapex|Ice Beam|p1a: Gastrodon\n|-damage|p1a: Gastrodon|52\/100\n|move|p1b: Bronzong|Stomping Tantrum|p2b: Toxapex\n|-supereffective|p2b: Toxapex\n|-damage|p2b: Toxapex|27\/100\n|\n|upkeep\n|turn|12\n|\n|t:|1681801622\n|move|p1a: Gastrodon|Earth Power|p2b: Toxapex\n|-supereffective|p2b: Toxapex\n|-damage|p2b: Toxapex|0 fnt\n|faint|p2b: Toxapex\n|\n|win|tghdfgh\n|raw|tghdfgh's rating: 1000 → 1048<\/strong> (+48 for winning)\n|raw|qzy1993's rating: 1068 → 1044<\/strong> (-24 for losing)\n","uploadtime":1681801628,"views":6,"p1id":"tghdfgh","p2id":"qzy1993","formatid":"gen9vgc2023regulationc","rating":1044,"private":0,"password":""}