{"id":"gen9vgc2023regulationc-1845084714","p1":"lordpear098","p2":"Spaofrep","format":"[Gen 9] VGC 2023 Regulation C","log":"|j|\u2606lordpear098\n|j|\u2606Spaofrep\n|t:|1681681740\n|gametype|doubles\n|player|p1|lordpear098|101|1022\n|player|p2|Spaofrep|swimmerf|1066\n|teamsize|p1|6\n|teamsize|p2|6\n|gen|9\n|tier|[Gen 9] VGC 2023 Regulation C\n|rated|\n|rule|Species Clause: Limit one of each Pok\u00e9mon\n|rule|Item Clause: Limit one of each item\n|clearpoke\n|poke|p1|Iron Hands, L50|\n|poke|p1|Amoonguss, L50, F|\n|poke|p1|Pelipper, L50, F|\n|poke|p1|Palafin, L50, F|\n|poke|p1|Baxcalibur, L50, F|\n|poke|p1|Dragonite, L50, F|\n|poke|p2|Ting-Lu, L50|\n|poke|p2|Gyarados, L50, M|\n|poke|p2|Brute Bonnet, L50|\n|poke|p2|Tauros-Paldea-Blaze, L50, M|\n|poke|p2|Dragapult, L50, F|\n|poke|p2|Grimmsnarl, L50, M|\n|teampreview|4\n|inactive|Battle timer is ON: inactive players will automatically lose when time's up. (requested by lordpear098)\n|\n|t:|1681681772\n|start\n|switch|p1a: Beaker|Pelipper, L50, F|100\/100\n|switch|p1b: Torqoise|Palafin, L50, F|100\/100\n|switch|p2a: Ting-Lu|Ting-Lu, L50|100\/100\n|switch|p2b: Brute Bonnet|Brute Bonnet, L50|100\/100\n|-weather|RainDance|[from] ability: Drizzle|[of] p1a: Beaker\n|-ability|p2a: Ting-Lu|Vessel of Ruin\n|-enditem|p2b: Brute Bonnet|Booster Energy\n|-activate|p2b: Brute Bonnet|ability: Protosynthesis|[fromitem]\n|-start|p2b: Brute Bonnet|protosynthesisdef\n|turn|1\n|\n|t:|1681681794\n|detailschange|p1b: Torqoise|Palafin-Hero, L50, F\n|switch|p1b: Shrom41Mor|Amoonguss, L50, F|100\/100\n|-terastallize|p2a: Ting-Lu|Grass\n|move|p1a: Beaker|Hydro Pump|p2a: Ting-Lu\n|-resisted|p2a: Ting-Lu\n|-damage|p2a: Ting-Lu|83\/100\n|move|p2b: Brute Bonnet|Bullet Seed|p1b: Shrom41Mor\n|-resisted|p1b: Shrom41Mor\n|-damage|p1b: Shrom41Mor|98\/100\n|-resisted|p1b: Shrom41Mor\n|-damage|p1b: Shrom41Mor|96\/100\n|-resisted|p1b: Shrom41Mor\n|-damage|p1b: Shrom41Mor|94\/100\n|-resisted|p1b: Shrom41Mor\n|-damage|p1b: Shrom41Mor|91\/100\n|-hitcount|p1b: Shrom41Mor|4\n|move|p2a: Ting-Lu|Taunt|p1a: Beaker\n|-start|p1a: Beaker|move: Taunt\n|\n|-weather|RainDance|[upkeep]\n|-heal|p2a: Ting-Lu|89\/100|[from] item: Leftovers\n|upkeep\n|turn|2\n|\n|t:|1681681817\n|move|p1a: Beaker|Hurricane|p2a: Ting-Lu\n|-supereffective|p2a: Ting-Lu\n|-damage|p2a: Ting-Lu|42\/100\n|-start|p2a: Ting-Lu|confusion\n|move|p2b: Brute Bonnet|Bullet Seed|p1a: Beaker\n|-damage|p1a: Beaker|87\/100\n|-damage|p1a: Beaker|71\/100\n|-damage|p1a: Beaker|58\/100\n|-crit|p1a: Beaker\n|-damage|p1a: Beaker|36\/100\n|-damage|p1a: Beaker|23\/100\n|-hitcount|p1a: Beaker|5\n|-activate|p2a: Ting-Lu|confusion\n|-damage|p2a: Ting-Lu|36\/100|[from] confusion\n|move|p1b: Shrom41Mor|Pollen Puff|p2a: Ting-Lu\n|-supereffective|p2a: Ting-Lu\n|-damage|p2a: Ting-Lu|19\/100\n|\n|-weather|RainDance|[upkeep]\n|-heal|p2a: Ting-Lu|25\/100|[from] item: Leftovers\n|upkeep\n|turn|3\n|inactive|lordpear098 has 30 seconds left.\n|inactive|Spaofrep has 30 seconds left.\n|inactive|lordpear098 has 20 seconds left.\n|inactive|lordpear098 has 15 seconds left.\n|\n|t:|1681681861\n|move|p1b: Shrom41Mor|Rage Powder|p1b: Shrom41Mor\n|-singleturn|p1b: Shrom41Mor|move: Rage Powder\n|move|p2b: Brute Bonnet|Sucker Punch|p1a: Beaker\n|-damage|p1a: Beaker|0 fnt\n|faint|p1a: Beaker\n|-activate|p2a: Ting-Lu|confusion\n|-damage|p2a: Ting-Lu|19\/100|[from] confusion\n|\n|-weather|RainDance|[upkeep]\n|-heal|p2a: Ting-Lu|25\/100|[from] item: Leftovers\n|upkeep\n|\n|t:|1681681869\n|switch|p1a: Torqoise|Palafin-Hero, L50, F|100\/100\n|-activate|p1a: Torqoise|ability: Zero to Hero\n|turn|4\n|c|\u2606Spaofrep|Twice in a row\n|\n|t:|1681681888\n|move|p2b: Brute Bonnet|Rage Powder|p2b: Brute Bonnet\n|-singleturn|p2b: Brute Bonnet|move: Rage Powder\n|move|p1b: Shrom41Mor|Rage Powder|p1b: Shrom41Mor\n|-singleturn|p1b: Shrom41Mor|move: Rage Powder\n|move|p1a: Torqoise|Wave Crash|p2b: Brute Bonnet\n|-resisted|p2b: Brute Bonnet\n|-damage|p2b: Brute Bonnet|68\/100\n|-damage|p1a: Torqoise|89\/100|[from] Recoil\n|-activate|p2a: Ting-Lu|confusion\n|-damage|p2a: Ting-Lu|20\/100|[from] confusion\n|\n|-weather|RainDance|[upkeep]\n|-heal|p2a: Ting-Lu|26\/100|[from] item: Leftovers\n|upkeep\n|turn|5\n|c|\u2606Spaofrep|Bruh three times in a row\n|c|\u2606Spaofrep|That's a 4th of the time three times\n|inactive|Spaofrep has 30 seconds left.\n|\n|t:|1681681915\n|switch|p1a: Maradona|Iron Hands, L50, shiny|100\/100\n|move|p2b: Brute Bonnet|Rage Powder|p2b: Brute Bonnet\n|-singleturn|p2b: Brute Bonnet|move: Rage Powder\n|-activate|p2a: Ting-Lu|confusion\n|-damage|p2a: Ting-Lu|20\/100|[from] confusion\n|move|p1b: Shrom41Mor|Pollen Puff|p2a: Ting-Lu\n|-supereffective|p2a: Ting-Lu\n|-damage|p2a: Ting-Lu|2\/100\n|\n|-weather|none\n|-heal|p2a: Ting-Lu|8\/100|[from] item: Leftovers\n|upkeep\n|turn|6\n|c|\u2606Spaofrep|FOUR TIMES\n|\n|t:|1681681934\n|move|p1a: Maradona|Fake Out|p2b: Brute Bonnet\n|-damage|p2b: Brute Bonnet|62\/100\n|cant|p2b: Brute Bonnet|flinch\n|-end|p2a: Ting-Lu|confusion\n|move|p2a: Ting-Lu|Earthquake|p1b: Shrom41Mor|[spread] p2b,p1a,p1b\n|-resisted|p2b: Brute Bonnet\n|-supereffective|p1a: Maradona\n|-damage|p2b: Brute Bonnet|55\/100\n|-damage|p1a: Maradona|62\/100\n|-damage|p1b: Shrom41Mor|64\/100\n|move|p1b: Shrom41Mor|Pollen Puff|p2a: Ting-Lu\n|-supereffective|p2a: Ting-Lu\n|-damage|p2a: Ting-Lu|0 fnt\n|faint|p2a: Ting-Lu\n|\n|upkeep\n|\n|t:|1681681950\n|switch|p2a: Tauros|Tauros-Paldea-Blaze, L50, M|100\/100\n|-ability|p2a: Tauros|Intimidate|boost\n|-unboost|p1a: Maradona|atk|1\n|-unboost|p1b: Shrom41Mor|atk|1\n|turn|7\n|\n|t:|1681681961\n|-end|p1a: Maradona|Quark Drive|[silent]\n|switch|p1a: Torqoise|Palafin-Hero, L50, F|89\/100\n|move|p2a: Tauros|Raging Bull|p1b: Shrom41Mor\n|-supereffective|p1b: Shrom41Mor\n|-damage|p1b: Shrom41Mor|5\/100\n|-enditem|p1b: Shrom41Mor|Sitrus Berry|[eat]\n|-heal|p1b: Shrom41Mor|30\/100|[from] item: Sitrus Berry\n|move|p2b: Brute Bonnet|Spore|p1a: Torqoise\n|-status|p1a: Torqoise|slp|[from] move: Spore\n|move|p1b: Shrom41Mor|Spore|p2a: Tauros\n|-status|p2a: Tauros|slp|[from] move: Spore\n|\n|upkeep\n|turn|8\n|\n|t:|1681681978\n|switch|p2a: Grimmsnarl|Grimmsnarl, L50, M|100\/100\n|move|p1b: Shrom41Mor|Protect|p1b: Shrom41Mor\n|-singleturn|p1b: Shrom41Mor|Protect\n|cant|p1a: Torqoise|slp\n|move|p2b: Brute Bonnet|Bullet Seed|p1a: Torqoise\n|-supereffective|p1a: Torqoise\n|-damage|p1a: Torqoise|71\/100 slp\n|-supereffective|p1a: Torqoise\n|-damage|p1a: Torqoise|53\/100 slp\n|-hitcount|p1a: Torqoise|2\n|\n|upkeep\n|turn|9\n|\n|t:|1681681998\n|move|p2b: Brute Bonnet|Rage Powder|p2b: Brute Bonnet\n|-singleturn|p2b: Brute Bonnet|move: Rage Powder\n|move|p2a: Grimmsnarl|Reflect|p2a: Grimmsnarl\n|-sidestart|p2: Spaofrep|Reflect\n|cant|p1a: Torqoise|slp\n|move|p1b: Shrom41Mor|Pollen Puff|p1a: Torqoise\n|-heal|p1a: Torqoise|100\/100 slp\n|\n|upkeep\n|turn|10\n|c|\u2606Spaofrep|Well that was stupid\n|\n|t:|1681682019\n|-curestatus|p1a: Torqoise|slp|[msg]\n|move|p1a: Torqoise|Wave Crash|p2a: Grimmsnarl\n|-damage|p2a: Grimmsnarl|51\/100\n|-damage|p1a: Torqoise|85\/100|[from] Recoil\n|move|p2a: Grimmsnarl|Spirit Break|p1a: Torqoise\n|-damage|p1a: Torqoise|58\/100\n|-unboost|p1a: Torqoise|spa|1\n|move|p2b: Brute Bonnet|Bullet Seed|p1a: Torqoise\n|-supereffective|p1a: Torqoise\n|-damage|p1a: Torqoise|38\/100\n|-supereffective|p1a: Torqoise\n|-damage|p1a: Torqoise|18\/100\n|-supereffective|p1a: Torqoise\n|-damage|p1a: Torqoise|0 fnt\n|faint|p1a: Torqoise\n|-hitcount|p1: Torqoise|3\n|move|p1b: Shrom41Mor|Pollen Puff|p1: Torqoise|[notarget]\n|-fail|p1b: Shrom41Mor\n|\n|upkeep\n|\n|t:|1681682034\n|switch|p1a: Maradona|Iron Hands, L50, shiny|62\/100\n|turn|11\n|\n|t:|1681682048\n|move|p1a: Maradona|Fake Out|p2b: Brute Bonnet\n|-damage|p2b: Brute Bonnet|51\/100\n|move|p2a: Grimmsnarl|Spirit Break|p1a: Maradona\n|-supereffective|p1a: Maradona\n|-damage|p1a: Maradona|22\/100\n|-unboost|p1a: Maradona|spa|1\n|cant|p2b: Brute Bonnet|flinch\n|move|p1b: Shrom41Mor|Pollen Puff|p2b: Brute Bonnet\n|-supereffective|p2b: Brute Bonnet\n|-crit|p2b: Brute Bonnet\n|-damage|p2b: Brute Bonnet|0 fnt\n|faint|p2b: Brute Bonnet\n|-end|p2b: Brute Bonnet|Protosynthesis|[silent]\n|\n|upkeep\n|\n|t:|1681682061\n|switch|p2b: Tauros|Tauros-Paldea-Blaze, L50, M|100\/100 slp\n|-ability|p2b: Tauros|Intimidate|boost\n|-unboost|p1a: Maradona|atk|1\n|-unboost|p1b: Shrom41Mor|atk|1\n|turn|12\n|\n|t:|1681682080\n|cant|p2b: Tauros|slp\n|move|p2a: Grimmsnarl|Spirit Break|p1a: Maradona\n|-supereffective|p1a: Maradona\n|-damage|p1a: Maradona|0 fnt\n|faint|p1a: Maradona\n|-end|p1a: Maradona|Quark Drive|[silent]\n|move|p1b: Shrom41Mor|Spore|p2a: Grimmsnarl\n|-status|p2a: Grimmsnarl|slp|[from] move: Spore\n|\n|upkeep\n|turn|13\n|\n|t:|1681682096\n|-terastallize|p1b: Shrom41Mor|Steel\n|cant|p2b: Tauros|slp\n|cant|p2a: Grimmsnarl|slp\n|move|p1b: Shrom41Mor|Pollen Puff|p2a: Grimmsnarl\n|-damage|p2a: Grimmsnarl|30\/100 slp\n|\n|-sideend|p2: Spaofrep|Reflect\n|upkeep\n|turn|14\n|c|\u2606Spaofrep|Gg\n|\n|t:|1681682109\n|cant|p2a: Grimmsnarl|slp\n|cant|p2b: Tauros|slp\n|move|p1b: Shrom41Mor|Pollen Puff|p2a: Grimmsnarl\n|-damage|p2a: Grimmsnarl|9\/100 slp\n|\n|upkeep\n|turn|15\n|\n|t:|1681682117\n|-curestatus|p2a: Grimmsnarl|slp|[msg]\n|move|p2a: Grimmsnarl|Sucker Punch|p1b: Shrom41Mor\n|-damage|p1b: Shrom41Mor|5\/100\n|-curestatus|p2b: Tauros|slp|[msg]\n|move|p2b: Tauros|Close Combat|p1b: Shrom41Mor\n|-supereffective|p1b: Shrom41Mor\n|-damage|p1b: Shrom41Mor|0 fnt\n|-unboost|p2b: Tauros|def|1\n|-unboost|p2b: Tauros|spd|1\n|faint|p1b: Shrom41Mor\n|\n|win|Spaofrep\n|raw|lordpear098's rating: 1022 → 1010<\/strong> (-12 for losing)\n|raw|Spaofrep's rating: 1066 → 1092<\/strong> (+26 for winning)\n","uploadtime":1681682124,"views":9,"p1id":"lordpear098","p2id":"spaofrep","formatid":"gen9vgc2023regulationc","rating":1010,"private":0,"password":""}