{"id":"gen9vgc2023regulationc-1857963276","p1":"Mr.Bier","p2":"BROOMX3","format":"[Gen 9] VGC 2023 Regulation C","log":"|j|\u2606Mr.Bier\n|j|\u2606BROOMX3\n|t:|1683253014\n|gametype|doubles\n|player|p1|Mr.Bier|101|1093\n|player|p2|BROOMX3|cynthia-gen4|1073\n|teamsize|p1|6\n|teamsize|p2|6\n|gen|9\n|tier|[Gen 9] VGC 2023 Regulation C\n|rated|\n|rule|Species Clause: Limit one of each Pok\u00e9mon\n|rule|Item Clause: Limit one of each item\n|clearpoke\n|poke|p1|Palafin, L50, F|\n|poke|p1|Coalossal, L50, M|\n|poke|p1|Flamigo, L50, M|\n|poke|p1|Klefki, L50, F|\n|poke|p1|Amoonguss, L50, M|\n|poke|p1|Chien-Pao, L50|\n|poke|p2|Amoonguss, L50, F|\n|poke|p2|Palafin, L50, M|\n|poke|p2|Arcanine, L50, F|\n|poke|p2|Flutter Mane, L50|\n|poke|p2|Murkrow, L50, F|\n|poke|p2|Garchomp, L50, M|\n|teampreview|4\n|inactive|Battle timer is ON: inactive players will automatically lose when time's up. (requested by BROOMX3)\n|inactive|Mr.Bier also wants the timer to be on.\n|inactive|Mr.Bier has 60 seconds left.\n|inactive|Mr.Bier has 30 seconds left.\n|\n|t:|1683253076\n|start\n|switch|p1a: Klefki|Klefki, L50, F|100\/100\n|switch|p1b: Chien-Pao|Chien-Pao, L50|100\/100\n|switch|p2a: Amoonguss|Amoonguss, L50, F, shiny|100\/100\n|switch|p2b: Palafin|Palafin, L50, M, shiny|100\/100\n|-ability|p1b: Chien-Pao|Sword of Ruin\n|turn|1\n|\n|t:|1683253098\n|detailschange|p2b: Palafin|Palafin-Hero, L50, M, shiny\n|switch|p2b: Arcanine|Arcanine, L50, F|100\/100\n|-ability|p2b: Arcanine|Intimidate|boost\n|-unboost|p1a: Klefki|atk|1\n|-unboost|p1b: Chien-Pao|atk|1\n|move|p1b: Chien-Pao|Protect|p1b: Chien-Pao\n|-singleturn|p1b: Chien-Pao|Protect\n|move|p1a: Klefki|Reflect|p1a: Klefki\n|-sidestart|p1: Mr.Bier|Reflect\n|move|p2a: Amoonguss|Spore|p1a: Klefki\n|-status|p1a: Klefki|slp|[from] move: Spore\n|\n|upkeep\n|turn|2\n|inactive|Mr.Bier has 30 seconds left.\n|\n|t:|1683253130\n|switch|p1b: Amoonguss|Amoonguss, L50, M|100\/100\n|move|p2a: Amoonguss|Protect|p2a: Amoonguss\n|-singleturn|p2a: Amoonguss|Protect\n|cant|p1a: Klefki|slp\n|move|p2b: Arcanine|Flare Blitz|p1b: Amoonguss\n|-supereffective|p1b: Amoonguss\n|-damage|p1b: Amoonguss|41\/100\n|-damage|p2b: Arcanine|84\/100|[from] item: Rocky Helmet|[of] p1b: Amoonguss\n|-damage|p2b: Arcanine|62\/100|[from] Recoil\n|\n|upkeep\n|turn|3\n|\n|t:|1683253151\n|move|p1b: Amoonguss|Protect|p1b: Amoonguss\n|-singleturn|p1b: Amoonguss|Protect\n|move|p2a: Amoonguss|Rage Powder|p2a: Amoonguss\n|-singleturn|p2a: Amoonguss|move: Rage Powder\n|move|p2b: Arcanine|Flare Blitz|p1b: Amoonguss\n|-activate|p1b: Amoonguss|move: Protect\n|cant|p1a: Klefki|slp\n|\n|upkeep\n|turn|4\n|inactive|Mr.Bier has 30 seconds left.\n|\n|t:|1683253178\n|-terastallize|p1b: Amoonguss|Fire\n|cant|p1a: Klefki|slp\n|move|p2b: Arcanine|Flare Blitz|p1b: Amoonguss\n|-resisted|p1b: Amoonguss\n|-damage|p1b: Amoonguss|25\/100\n|-damage|p2b: Arcanine|46\/100|[from] item: Rocky Helmet|[of] p1b: Amoonguss\n|-damage|p2b: Arcanine|40\/100|[from] Recoil\n|move|p2a: Amoonguss|Pollen Puff|p2b: Arcanine\n|-heal|p2b: Arcanine|89\/100\n|move|p1b: Amoonguss|Spore|p2b: Arcanine\n|-status|p2b: Arcanine|slp|[from] move: Spore\n|\n|upkeep\n|turn|5\n|inactive|BROOMX3 has 30 seconds left.\n|\n|t:|1683253207\n|switch|p2b: Flutter Mane|Flutter Mane, L50|100\/100\n|switch|p1b: Chien-Pao|Chien-Pao, L50|100\/100\n|-ability|p1b: Chien-Pao|Sword of Ruin\n|-curestatus|p1a: Klefki|slp|[msg]\n|move|p1a: Klefki|Foul Play|p2b: Flutter Mane\n|-damage|p2b: Flutter Mane|78\/100\n|move|p2a: Amoonguss|Spore|p1a: Klefki\n|-status|p1a: Klefki|slp|[from] move: Spore\n|\n|upkeep\n|turn|6\n|inactive|Mr.Bier has 30 seconds left.\n|\n|t:|1683253233\n|move|p2a: Amoonguss|Rage Powder|p2a: Amoonguss\n|-singleturn|p2a: Amoonguss|move: Rage Powder\n|cant|p1a: Klefki|slp\n|move|p1b: Chien-Pao|Ice Spinner|p2a: Amoonguss\n|-supereffective|p2a: Amoonguss\n|-damage|p2a: Amoonguss|20\/100\n|-enditem|p2a: Amoonguss|Sitrus Berry|[eat]\n|-heal|p2a: Amoonguss|45\/100|[from] item: Sitrus Berry\n|move|p2b: Flutter Mane|Moonblast|p1b: Chien-Pao\n|-supereffective|p1b: Chien-Pao\n|-enditem|p1b: Chien-Pao|Focus Sash\n|-damage|p1b: Chien-Pao|1\/100\n|\n|upkeep\n|turn|7\n|\n|t:|1683253255\n|move|p1b: Chien-Pao|Protect|p1b: Chien-Pao\n|-singleturn|p1b: Chien-Pao|Protect\n|move|p2a: Amoonguss|Protect|p2a: Amoonguss\n|-singleturn|p2a: Amoonguss|Protect\n|cant|p1a: Klefki|slp\n|move|p2b: Flutter Mane|Moonblast|p1b: Chien-Pao\n|-activate|p1b: Chien-Pao|move: Protect\n|\n|upkeep\n|turn|8\n|\n|t:|1683253278\n|cant|p1a: Klefki|slp\n|move|p1b: Chien-Pao|Ice Spinner|p2a: Amoonguss\n|-supereffective|p2a: Amoonguss\n|-damage|p2a: Amoonguss|0 fnt\n|faint|p2a: Amoonguss\n|move|p2b: Flutter Mane|Moonblast|p1a: Klefki\n|-resisted|p1a: Klefki\n|-damage|p1a: Klefki|69\/100 slp\n|-unboost|p1a: Klefki|spa|1\n|\n|-sideend|p1: Mr.Bier|Reflect\n|upkeep\n|\n|t:|1683253284\n|switch|p2a: Arcanine|Arcanine, L50, F|89\/100 slp\n|-ability|p2a: Arcanine|Intimidate|boost\n|-unboost|p1a: Klefki|atk|1\n|-unboost|p1b: Chien-Pao|atk|1\n|turn|9\n|\n|t:|1683253298\n|move|p1b: Chien-Pao|Protect|p1b: Chien-Pao\n|-singleturn|p1b: Chien-Pao|Protect\n|cant|p2a: Arcanine|slp\n|-curestatus|p1a: Klefki|slp|[msg]\n|move|p1a: Klefki|Thunder Wave|p2b: Flutter Mane\n|-status|p2b: Flutter Mane|par\n|move|p2b: Flutter Mane|Moonblast|p1b: Chien-Pao\n|-activate|p1b: Chien-Pao|move: Protect\n|\n|upkeep\n|turn|10\n|\n|t:|1683253321\n|move|p1a: Klefki|Light Screen|p1a: Klefki\n|-sidestart|p1: Mr.Bier|move: Light Screen\n|move|p1b: Chien-Pao|Ice Spinner|p2b: Flutter Mane\n|-damage|p2b: Flutter Mane|21\/100 par\n|cant|p2a: Arcanine|slp\n|move|p2b: Flutter Mane|Moonblast|p1b: Chien-Pao\n|-supereffective|p1b: Chien-Pao\n|-damage|p1b: Chien-Pao|0 fnt\n|faint|p1b: Chien-Pao\n|\n|upkeep\n|inactive|Mr.Bier has 30 seconds left.\n|\n|t:|1683253354\n|switch|p1b: Amoonguss|Amoonguss, L50, M, tera:Fire|58\/100\n|turn|11\n|\n|t:|1683253376\n|cant|p2a: Arcanine|slp\n|move|p1a: Klefki|Foul Play|p2b: Flutter Mane\n|-damage|p2b: Flutter Mane|3\/100 par\n|cant|p2b: Flutter Mane|par\n|move|p1b: Amoonguss|Spore|p2a: Arcanine\n|-fail|p2a: Arcanine|slp\n|\n|upkeep\n|turn|12\n|inactive|Mr.Bier has 30 seconds left.\n|\n|t:|1683253410\n|-curestatus|p2a: Arcanine|slp|[msg]\n|move|p2a: Arcanine|Protect|p2a: Arcanine\n|-singleturn|p2a: Arcanine|Protect\n|move|p1a: Klefki|Reflect|p1a: Klefki\n|-sidestart|p1: Mr.Bier|Reflect\n|cant|p2b: Flutter Mane|par\n|move|p1b: Amoonguss|Pollen Puff|p2b: Flutter Mane\n|-resisted|p2b: Flutter Mane\n|-damage|p2b: Flutter Mane|0 fnt\n|faint|p2b: Flutter Mane\n|-end|p2b: Flutter Mane|Protosynthesis|[silent]\n|\n|upkeep\n|\n|t:|1683253424\n|switch|p2b: Palafin|Palafin-Hero, L50, M, shiny|100\/100\n|-activate|p2b: Palafin|ability: Zero to Hero\n|turn|13\n|\n|t:|1683253433\n|move|p1b: Amoonguss|Protect|p1b: Amoonguss\n|-singleturn|p1b: Amoonguss|Protect\n|move|p1a: Klefki|Thunder Wave|p2b: Palafin\n|-status|p2b: Palafin|par\n|move|p2a: Arcanine|Flare Blitz|p1a: Klefki\n|-supereffective|p1a: Klefki\n|-damage|p1a: Klefki|0 fnt\n|faint|p1a: Klefki\n|-damage|p2a: Arcanine|71\/100|[from] Recoil\n|cant|p2b: Palafin|par\n|\n|upkeep\n|\n|t:|1683253446\n|switch|p1a: Flamigo|Flamigo, L50, M|100\/100\n|-copyboost|p1a: Flamigo|p1b: Amoonguss|[from] ability: Costar\n|turn|14\n|c|\u2606BROOMX3|Again?\n|inactive|BROOMX3 has 30 seconds left.\n|\n|t:|1683253475\n|move|p1a: Flamigo|Quick Guard|p1a: Flamigo\n|-singleturn|p1a: Flamigo|Quick Guard\n|move|p2a: Arcanine|Extreme Speed|p1b: Amoonguss\n|-activate|p1b: Amoonguss|move: Quick Guard\n|move|p2b: Palafin|Jet Punch|p1b: Amoonguss\n|-activate|p1b: Amoonguss|move: Quick Guard\n|move|p1b: Amoonguss|Spore|p2a: Arcanine\n|-status|p2a: Arcanine|slp|[from] move: Spore\n|\n|upkeep\n|turn|15\n|\n|t:|1683253498\n|move|p1b: Amoonguss|Rage Powder|p1b: Amoonguss\n|-singleturn|p1b: Amoonguss|move: Rage Powder\n|move|p1a: Flamigo|Close Combat|p2b: Palafin\n|-damage|p2b: Palafin|46\/100 par\n|-unboost|p1a: Flamigo|def|1\n|-unboost|p1a: Flamigo|spd|1\n|cant|p2a: Arcanine|slp\n|cant|p2b: Palafin|par\n|\n|upkeep\n|turn|16\n|\n|t:|1683253520\n|-terastallize|p2b: Palafin|Water\n|move|p1b: Amoonguss|Protect|p1b: Amoonguss\n|-singleturn|p1b: Amoonguss|Protect\n|-curestatus|p2a: Arcanine|slp|[msg]\n|move|p2a: Arcanine|Extreme Speed|p1b: Amoonguss\n|-activate|p1b: Amoonguss|move: Protect\n|move|p2b: Palafin|Jet Punch|p1b: Amoonguss\n|-activate|p1b: Amoonguss|move: Protect\n|move|p1a: Flamigo|Close Combat|p2b: Palafin\n|-damage|p2b: Palafin|0 fnt\n|-unboost|p1a: Flamigo|def|1\n|-unboost|p1a: Flamigo|spd|1\n|faint|p2b: Palafin\n|\n|upkeep\n|turn|17\n|-message|BROOMX3 forfeited.\n|\n|win|Mr.Bier\n|raw|Mr.Bier's rating: 1093 → 1118<\/strong> (+25 for winning)\n|raw|BROOMX3's rating: 1073 → 1053<\/strong> (-20 for losing)\n|l|\u2606BROOMX3\n","uploadtime":1683253541,"views":11,"p1id":"mrbier","p2id":"broomx3","formatid":"gen9vgc2023regulationc","rating":1053,"private":0,"password":""}