{"id":"gen9vgc2023regulationc-1846865251","p1":"shadak91","p2":"Markingdra","format":"[Gen 9] VGC 2023 Regulation C","log":"|j|\u2606shadak91\n|j|\u2606Markingdra\n|t:|1681892731\n|gametype|doubles\n|player|p1|shadak91|unknown|1380\n|player|p2|Markingdra|rocketgrunt|1349\n|teamsize|p1|6\n|teamsize|p2|6\n|gen|9\n|tier|[Gen 9] VGC 2023 Regulation C\n|rated|\n|rule|Species Clause: Limit one of each Pok\u00e9mon\n|rule|Item Clause: Limit one of each item\n|clearpoke\n|poke|p1|Amoonguss, L50, F|\n|poke|p1|Flutter Mane, L50|\n|poke|p1|Iron Bundle, L50|\n|poke|p1|Dragonite, L50, M|\n|poke|p1|Arcanine, L50, M|\n|poke|p1|Ting-Lu, L50|\n|poke|p2|Flutter Mane, L50|\n|poke|p2|Amoonguss, L50, F|\n|poke|p2|Pelipper, L50, F|\n|poke|p2|Palafin, L50, F|\n|poke|p2|Chien-Pao, L50|\n|poke|p2|Iron Hands, L50|\n|teampreview|4\nMarkingdra has agreed to open team sheets.\nshadak91 has agreed to open team sheets.\n|j| WeirdPolyCouple\n|\n|t:|1681892777\n|start\n|switch|p1a: Amoonguss|Amoonguss, L50, F|100\/100\n|switch|p1b: Flutter Mane|Flutter Mane, L50|100\/100\n|switch|p2a: Palafin|Palafin, L50, F, shiny|100\/100\n|switch|p2b: Chien-Pao|Chien-Pao, L50|100\/100\n|-ability|p2b: Chien-Pao|Sword of Ruin\n|turn|1\n|inactive|Battle timer is ON: inactive players will automatically lose when time's up. (requested by shadak91)\n|\n|t:|1681892799\n|-terastallize|p1b: Flutter Mane|Steel\n|-terastallize|p2a: Palafin|Water\n|move|p2b: Chien-Pao|Ice Spinner|p1a: Amoonguss\n|-supereffective|p1a: Amoonguss\n|-damage|p1a: Amoonguss|0 fnt\n|faint|p1a: Amoonguss\n|move|p1b: Flutter Mane|Dazzling Gleam|p2b: Chien-Pao|[spread] p2a,p2b\n|-supereffective|p2b: Chien-Pao\n|-damage|p2a: Palafin|46\/100\n|-damage|p2b: Chien-Pao|0 fnt\n|faint|p2b: Chien-Pao\n|move|p2a: Palafin|Wave Crash|p1b: Flutter Mane\n|-damage|p1b: Flutter Mane|0 fnt\n|faint|p1b: Flutter Mane\n|-end|p1b: Flutter Mane|Protosynthesis|[silent]\n|-damage|p2a: Palafin|24\/100|[from] Recoil\n|\n|-heal|p2a: Palafin|30\/100|[from] item: Leftovers\n|upkeep\n|\n|t:|1681892818\n|switch|p2b: Iron Hands|Iron Hands, L50, shiny|100\/100\n|switch|p1b: Iron Bundle|Iron Bundle, L50|100\/100\n|switch|p1a: Arcanine|Arcanine, L50, M|100\/100\n|-ability|p1a: Arcanine|Intimidate|boost\n|-unboost|p2a: Palafin|atk|1\n|-unboost|p2b: Iron Hands|atk|1\n|-enditem|p1b: Iron Bundle|Booster Energy\n|-activate|p1b: Iron Bundle|ability: Quark Drive|[fromitem]\n|-start|p1b: Iron Bundle|quarkdrivespe\n|turn|2\n|\n|t:|1681892840\n|move|p1b: Iron Bundle|Protect|p1b: Iron Bundle\n|-singleturn|p1b: Iron Bundle|Protect\n|move|p2b: Iron Hands|Fake Out|p1b: Iron Bundle\n|-activate|p1b: Iron Bundle|move: Protect\n|move|p2a: Palafin|Wave Crash|p1a: Arcanine\n|-supereffective|p1a: Arcanine\n|-damage|p1a: Arcanine|29\/100\n|-damage|p2a: Palafin|8\/100|[from] Recoil\n|move|p1a: Arcanine|Will-O-Wisp|p2b: Iron Hands\n|-status|p2b: Iron Hands|brn\n|\n|-heal|p2a: Palafin|14\/100|[from] item: Leftovers\n|-damage|p2b: Iron Hands|94\/100 brn|[from] brn\n|upkeep\n|turn|3\n|inactive|Markingdra has 30 seconds left.\n|\n|t:|1681892871\n|move|p2a: Palafin|Protect|p2a: Palafin\n|-singleturn|p2a: Palafin|Protect\n|move|p1a: Arcanine|Extreme Speed|p2a: Palafin\n|-activate|p2a: Palafin|move: Protect\n|move|p1b: Iron Bundle|Icy Wind|p2b: Iron Hands|[spread] p2b\n|-activate|p2a: Palafin|move: Protect\n|-damage|p2b: Iron Hands|84\/100 brn\n|-unboost|p2b: Iron Hands|spe|1\n|move|p2b: Iron Hands|Drain Punch|p1b: Iron Bundle\n|-supereffective|p1b: Iron Bundle\n|-damage|p1b: Iron Bundle|65\/100\n|-heal|p2b: Iron Hands|94\/100 brn|[from] drain|[of] p1b: Iron Bundle\n|\n|-heal|p2a: Palafin|19\/100|[from] item: Leftovers\n|-damage|p2b: Iron Hands|88\/100 brn|[from] brn\n|upkeep\n|turn|4\n|inactive|shadak91 has 30 seconds left.\n|inactive|Markingdra has 30 seconds left.\n|inactive|Markingdra has 20 seconds left.\n|\n|t:|1681892906\n|move|p1a: Arcanine|Extreme Speed|p2a: Palafin\n|-damage|p2a: Palafin|0 fnt\n|faint|p2a: Palafin\n|move|p1b: Iron Bundle|Freeze-Dry|p2b: Iron Hands\n|-damage|p2b: Iron Hands|68\/100 brn\n|move|p2b: Iron Hands|Drain Punch|p1a: Arcanine\n|-damage|p1a: Arcanine|14\/100\n|-heal|p2b: Iron Hands|75\/100 brn|[from] drain|[of] p1a: Arcanine\n|\n|-damage|p2b: Iron Hands|68\/100 brn|[from] brn\n|upkeep\n|\n|t:|1681892916\n|switch|p2a: Pelipper|Pelipper, L50, F, shiny|100\/100\n|-weather|RainDance|[from] ability: Drizzle|[of] p2a: Pelipper\n|turn|5\n|\n|t:|1681892932\n|move|p2a: Pelipper|Protect|p2a: Pelipper\n|-singleturn|p2a: Pelipper|Protect\n|move|p1a: Arcanine|Extreme Speed|p2a: Pelipper\n|-activate|p2a: Pelipper|move: Protect\n|move|p1b: Iron Bundle|Freeze-Dry|p2a: Pelipper\n|-activate|p2a: Pelipper|move: Protect\n|move|p2b: Iron Hands|Drain Punch|p1a: Arcanine\n|-damage|p1a: Arcanine|0 fnt\n|-heal|p2b: Iron Hands|75\/100 brn|[from] drain|[of] p1a: Arcanine\n|faint|p1a: Arcanine\n|\n|-weather|RainDance|[upkeep]\n|-damage|p2b: Iron Hands|68\/100 brn|[from] brn\n|upkeep\n|turn|6\n|\n|t:|1681892956\n|move|p1b: Iron Bundle|Icy Wind|p2a: Pelipper|[spread] p2a,p2b\n|-damage|p2a: Pelipper|61\/100\n|-damage|p2b: Iron Hands|58\/100 brn\n|-unboost|p2a: Pelipper|spe|1\n|-unboost|p2b: Iron Hands|spe|1\n|move|p2a: Pelipper|Hurricane|p1b: Iron Bundle\n|-damage|p1b: Iron Bundle|0 fnt\n|faint|p1b: Iron Bundle\n|-end|p1b: Iron Bundle|Quark Drive|[silent]\n|\n|win|Markingdra\n|raw|shadak91's rating: 1380 → 1358<\/strong> (-22 for losing)\n|raw|Markingdra's rating: 1349 → 1371<\/strong> (+22 for winning)\n|l|\u2606shadak91\n","uploadtime":1681892971,"views":14,"p1id":"shadak91","p2id":"markingdra","formatid":"gen9vgc2023regulationc","rating":1358,"private":0,"password":""}