{"id":"gen9vgc2023regulationc-1847951350","p1":"Snowfly96","p2":"showdowntemp2023","format":"[Gen 9] VGC 2023 Regulation C","log":"|j|\u2606Snowfly96\n|j|\u2606showdowntemp2023\n|t:|1682015268\n|gametype|doubles\n|player|p1|Snowfly96|101|1148\n|player|p2|showdowntemp2023|harlequin|1054\n|teamsize|p1|6\n|teamsize|p2|6\n|gen|9\n|tier|[Gen 9] VGC 2023 Regulation C\n|rated|\n|rule|Species Clause: Limit one of each Pok\u00e9mon\n|rule|Item Clause: Limit one of each item\n|clearpoke\n|poke|p1|Polteageist, L50|\n|poke|p1|Rotom-Wash, L50|\n|poke|p1|Indeedee-F, L50, F|\n|poke|p1|Armarouge, L50, M|\n|poke|p1|Gastrodon, L50, M|\n|poke|p1|Tauros-Paldea-Blaze, L50, M|\n|poke|p2|Glimmora, L50, M|\n|poke|p2|Wo-Chien, L50|\n|poke|p2|Dondozo, L50, F|\n|poke|p2|Tatsugiri, L50, F|\n|poke|p2|Garganacl, L50, F|\n|poke|p2|Toxapex, L50, F|\n|teampreview|4\n|inactive|Battle timer is ON: inactive players will automatically lose when time's up. (requested by Snowfly96)\n|\n|t:|1682015286\n|start\n|switch|p1a: Mrs. Potts|Polteageist, L50|100\/100\n|switch|p1b: Carlotta|Indeedee-F, L50, F|100\/100\n|switch|p2a: Dondozo|Dondozo, L50, F|100\/100\n|switch|p2b: Tatsugiri|Tatsugiri, L50, F|100\/100\n|-activate|p2b: Tatsugiri|ability: Commander|[of] p2a: Dondozo\n|-boost|p2a: Dondozo|atk|2\n|-boost|p2a: Dondozo|spa|2\n|-boost|p2a: Dondozo|spe|2\n|-boost|p2a: Dondozo|def|2\n|-boost|p2a: Dondozo|spd|2\n|-fieldstart|move: Psychic Terrain|[from] ability: Psychic Surge|[of] p1b: Carlotta\n|-enditem|p1a: Mrs. Potts|Psychic Seed\n|-boost|p1a: Mrs. Potts|spd|1|[from] item: Psychic Seed\n|turn|1\n|\n|t:|1682015308\n|move|p1b: Carlotta|Follow Me|p1b: Carlotta\n|-singleturn|p1b: Carlotta|move: Follow Me\n|move|p2a: Dondozo|Earthquake|p1b: Carlotta|[spread] p1a,p1b\n|-miss|p2a: Dondozo|p2b: Tatsugiri\n|-damage|p1a: Mrs. Potts|0 fnt\n|-damage|p1b: Carlotta|37\/100\n|faint|p1a: Mrs. Potts\n|-enditem|p1b: Carlotta|Eject Button\n|-damage|p2a: Dondozo|91\/100|[from] item: Life Orb\n|\n|t:|1682015317\n|switch|p1b: Rotom|Rotom-Wash, L50|100\/100\n|\n|upkeep\n|\n|t:|1682015318\n|switch|p1a: Squishy|Gastrodon, L50, M|100\/100\n|turn|2\n|\n|t:|1682015325\n|move|p2a: Dondozo|Earthquake|p1b: Rotom|[spread] p1a\n|-miss|p2a: Dondozo|p2b: Tatsugiri\n|-immune|p1b: Rotom|[from] ability: Levitate\n|-crit|p1a: Squishy\n|-damage|p1a: Squishy|28\/100\n|-damage|p2a: Dondozo|81\/100|[from] item: Life Orb\n|move|p1b: Rotom|Discharge|p2a: Dondozo|[spread] p2a\n|-miss|p1b: Rotom|p2b: Tatsugiri\n|-immune|p1a: Squishy\n|-supereffective|p2a: Dondozo\n|-damage|p2a: Dondozo|44\/100\n|move|p1a: Squishy|Yawn|p2a: Dondozo\n|-start|p2a: Dondozo|move: Yawn|[of] p1a: Squishy\n|\n|-heal|p1a: Squishy|34\/100|[from] item: Leftovers\n|upkeep\n|turn|3\n|\n|t:|1682015350\n|-terastallize|p1b: Rotom|Electric\n|move|p1a: Squishy|Helping Hand|p1b: Rotom\n|-singleturn|p1b: Rotom|Helping Hand|[of] p1a: Squishy\n|move|p2a: Dondozo|Rock Slide|p1a: Squishy|[spread] p1a,p1b\n|-resisted|p1a: Squishy\n|-damage|p1a: Squishy|16\/100\n|-damage|p1b: Rotom|61\/100\n|-damage|p2a: Dondozo|34\/100|[from] item: Life Orb\n|cant|p1b: Rotom|flinch\n|\n|-heal|p1a: Squishy|23\/100|[from] item: Leftovers\n|-end|p2a: Dondozo|move: Yawn|[silent]\n|-status|p2a: Dondozo|slp\n|upkeep\n|turn|4\n|\n|t:|1682015371\n|cant|p2a: Dondozo|slp\n|move|p1b: Rotom|Discharge|p2b: Tatsugiri|[spread] p2a\n|-miss|p1b: Rotom|p2b: Tatsugiri\n|-immune|p1a: Squishy\n|-supereffective|p2a: Dondozo\n|-damage|p2a: Dondozo|0 fnt\n|faint|p2a: Dondozo\n|move|p1a: Squishy|Chilling Water|p2b: Tatsugiri\n|-resisted|p2b: Tatsugiri\n|-damage|p2b: Tatsugiri|96\/100\n|-unboost|p2b: Tatsugiri|atk|1\n|\n|-heal|p1a: Squishy|29\/100|[from] item: Leftovers\n|upkeep\n|\n|t:|1682015386\n|switch|p2a: Glimmora|Glimmora, L50, M|100\/100\n|turn|5\n|\n|t:|1682015399\n|move|p2b: Tatsugiri|Dragon Pulse|p1a: Squishy\n|-damage|p1a: Squishy|0 fnt\n|faint|p1a: Squishy\n|move|p1b: Rotom|Discharge|p2a: Glimmora|[spread] p2a,p2b\n|-damage|p2a: Glimmora|54\/100\n|-damage|p2b: Tatsugiri|40\/100\n|-status|p2a: Glimmora|par\n|cant|p2a: Glimmora|par\n|\n|-fieldend|move: Psychic Terrain\n|upkeep\n|\n|t:|1682015406\n|switch|p1a: Carlotta|Indeedee-F, L50, F|37\/100\n|-fieldstart|move: Psychic Terrain|[from] ability: Psychic Surge|[of] p1a: Carlotta\n|turn|6\n|\n|t:|1682015414\n|move|p1a: Carlotta|Helping Hand|p1b: Rotom\n|-singleturn|p1b: Rotom|Helping Hand|[of] p1a: Carlotta\n|move|p2b: Tatsugiri|Dragon Pulse|p1b: Rotom\n|-damage|p1b: Rotom|0 fnt\n|faint|p1b: Rotom\n|move|p2a: Glimmora|Mortal Spin|p1a: Carlotta\n|-damage|p1a: Carlotta|31\/100\n|-status|p1a: Carlotta|psn\n|\n|-damage|p1a: Carlotta|19\/100 psn|[from] psn\n|upkeep\n|turn|7\n|inactive|showdowntemp2023 has 30 seconds left.\n|inactive|showdowntemp2023 has 20 seconds left.\n|\n|t:|1682015451\n|move|p2a: Glimmora|Spiky Shield|p2a: Glimmora\n|-singleturn|p2a: Glimmora|move: Protect\n|move|p2b: Tatsugiri|Dragon Pulse|p1a: Carlotta\n|-damage|p1a: Carlotta|0 fnt\n|faint|p1a: Carlotta\n|\n|win|showdowntemp2023\n|raw|Snowfly96's rating: 1148 → 1116<\/strong> (-32 for losing)\n|raw|showdowntemp2023's rating: 1054 → 1094<\/strong> (+40 for winning)\n","uploadtime":1682015458,"views":6,"p1id":"snowfly96","p2id":"showdowntemp2023","formatid":"gen9vgc2023regulationc","rating":1094,"private":0,"password":""}