{"id":"gen9vgc2023regulationc-1857598922","p1":"D-Wrecks","p2":"SisalVT","format":"[Gen 9] VGC 2023 Regulation C","log":"|j|\u2606D-Wrecks\n|j|\u2606SisalVT\n|t:|1683211778\n|gametype|doubles\n|player|p1|D-Wrecks|blackbelt-gen4dp|1641\n|player|p2|SisalVT|blue|1791\n|teamsize|p1|6\n|teamsize|p2|6\n|gen|9\n|tier|[Gen 9] VGC 2023 Regulation C\n|rated|\n|rule|Species Clause: Limit one of each Pok\u00e9mon\n|rule|Item Clause: Limit one of each item\n|clearpoke\n|poke|p1|Dondozo, L50, F|\n|poke|p1|Tatsugiri, L50, M|\n|poke|p1|Pawmot, L50, M|\n|poke|p1|Iron Bundle, L50|\n|poke|p1|Flutter Mane, L50|\n|poke|p1|Chi-Yu, L50|\n|poke|p2|Breloom, L50, M|\n|poke|p2|Chien-Pao, L50|\n|poke|p2|Flutter Mane, L50|\n|poke|p2|Chi-Yu, L50|\n|poke|p2|Dondozo, L50, M|\n|poke|p2|Tatsugiri-Stretchy, L50, F|\n|teampreview|4\n|j| hoozayisdead\n|j| Dragontamerty9\nSisalVT has agreed to open team sheets.\n|\n|t:|1683211826\n|start\n|switch|p1a: Squall|Iron Bundle, L50, shiny|100\/100\n|switch|p1b: Darvaza|Chi-Yu, L50|100\/100\n|switch|p2a: Tattisaurus|Breloom, L50, M|100\/100\n|switch|p2b: Nivalis|Chien-Pao, L50|100\/100\n|-ability|p2b: Nivalis|Sword of Ruin\n|-ability|p1b: Darvaza|Beads of Ruin\n|-enditem|p1a: Squall|Booster Energy\n|-activate|p1a: Squall|ability: Quark Drive|[fromitem]\n|-start|p1a: Squall|quarkdrivespe\n|turn|1\n|inactive|Battle timer is ON: inactive players will automatically lose when time's up. (requested by SisalVT)\n|\n|t:|1683211870\n|move|p2b: Nivalis|Sucker Punch|p1b: Darvaza\n|-resisted|p1b: Darvaza\n|-damage|p1b: Darvaza|50\/100\n|-damage|p2b: Nivalis|91\/100|[from] item: Life Orb\n|move|p2a: Tattisaurus|Mach Punch|p1b: Darvaza\n|-supereffective|p1b: Darvaza\n|-damage|p1b: Darvaza|0 fnt\n|faint|p1b: Darvaza\n|move|p1a: Squall|Icy Wind|p2b: Nivalis|[spread] p2a,p2b\n|-supereffective|p2a: Tattisaurus\n|-resisted|p2b: Nivalis\n|-damage|p2a: Tattisaurus|24\/100\n|-damage|p2b: Nivalis|75\/100\n|-unboost|p2a: Tattisaurus|spe|1\n|-unboost|p2b: Nivalis|spe|1\n|\n|upkeep\n|\n|t:|1683211884\n|switch|p1b: Wraith|Flutter Mane, L50, shiny|100\/100\n|turn|2\n|\n|t:|1683211891\n|-terastallize|p1b: Wraith|Fairy\n|move|p1a: Squall|Protect|p1a: Squall\n|-singleturn|p1a: Squall|Protect\n|move|p2b: Nivalis|Sucker Punch|p1b: Wraith\n|-resisted|p1b: Wraith\n|-damage|p1b: Wraith|53\/100\n|-damage|p2b: Nivalis|65\/100|[from] item: Life Orb\n|move|p2a: Tattisaurus|Mach Punch|p1a: Squall\n|-activate|p1a: Squall|move: Protect\n|move|p1b: Wraith|Dazzling Gleam|p2a: Tattisaurus|[spread] p2a,p2b\n|-supereffective|p2a: Tattisaurus\n|-supereffective|p2b: Nivalis\n|-damage|p2a: Tattisaurus|0 fnt\n|-damage|p2b: Nivalis|0 fnt\n|faint|p2a: Tattisaurus\n|faint|p2b: Nivalis\n|\n|upkeep\n|\n|t:|1683211894\n|switch|p2b: Pogsukiri|Tatsugiri-Stretchy, L50, F, shiny|100\/100\n|switch|p2a: Chonkster|Dondozo, L50, M|100\/100\n|-activate|p2b: Pogsukiri|ability: Commander|[of] p2a: Chonkster\n|-boost|p2a: Chonkster|atk|2\n|-boost|p2a: Chonkster|spa|2\n|-boost|p2a: Chonkster|spe|2\n|-boost|p2a: Chonkster|def|2\n|-boost|p2a: Chonkster|spd|2\n|turn|3\n|\n|t:|1683211915\n|move|p1a: Squall|Icy Wind|p2b: Pogsukiri|[spread] p2a\n|-miss|p1a: Squall|p2b: Pogsukiri\n|-resisted|p2a: Chonkster\n|-damage|p2a: Chonkster|95\/100\n|-unboost|p2a: Chonkster|spe|1\n|move|p1b: Wraith|Dazzling Gleam|p2b: Pogsukiri|[spread] p2a\n|-miss|p1b: Wraith|p2b: Pogsukiri\n|-damage|p2a: Chonkster|67\/100\n|move|p2a: Chonkster|Rock Slide|p1b: Wraith|[spread] p1a\n|-miss|p2a: Chonkster|p1b: Wraith\n|-supereffective|p1a: Squall\n|-crit|p1a: Squall\n|-damage|p1a: Squall|0 fnt\n|faint|p1a: Squall\n|-end|p1a: Squall|Quark Drive|[silent]\n|\n|-heal|p2a: Chonkster|73\/100|[from] item: Leftovers\n|upkeep\n|\n|t:|1683211933\n|switch|p1a: Hanbei|Pawmot, L50, M, shiny|100\/100\n|turn|4\n|\n|t:|1683211940\n|move|p1a: Hanbei|Fake Out|p2a: Chonkster\n|-damage|p2a: Chonkster|69\/100\n|move|p1b: Wraith|Dazzling Gleam|p2a: Chonkster|[spread] p2a\n|-miss|p1b: Wraith|p2b: Pogsukiri\n|-damage|p2a: Chonkster|40\/100\n|cant|p2a: Chonkster|flinch\n|\n|-heal|p2a: Chonkster|47\/100|[from] item: Leftovers\n|upkeep\n|turn|5\n|\n|t:|1683211953\n|move|p1b: Wraith|Dazzling Gleam|p2b: Pogsukiri|[spread] p2a\n|-miss|p1b: Wraith|p2b: Pogsukiri\n|-damage|p2a: Chonkster|18\/100\n|move|p1a: Hanbei|Double Shock|p2a: Chonkster\n|-supereffective|p2a: Chonkster\n|-damage|p2a: Chonkster|0 fnt\n|-start|p1a: Hanbei|typechange|???\/Fighting|[from] move: Double Shock\n|faint|p2a: Chonkster\n|\n|upkeep\n|turn|6\n|\n|t:|1683211969\n|-terastallize|p2b: Pogsukiri|Steel\n|move|p2b: Pogsukiri|Tera Blast|p1b: Wraith\n|-supereffective|p1b: Wraith\n|-damage|p1b: Wraith|0 fnt\n|faint|p1b: Wraith\n|-end|p1b: Wraith|Protosynthesis|[silent]\n|move|p1a: Hanbei|Revival Blessing|p1a: Hanbei\n|inactive|D-Wrecks has 30 seconds left.\n|\n|t:|1683212002\n|-heal|p1: Squall|50\/100|[from] move: Revival Blessing\n|\n|upkeep\n|\n|t:|1683212006\n|switch|p1b: Squall|Iron Bundle, L50, shiny|50\/100\n|turn|7\n|\n|t:|1683212016\n|move|p2b: Pogsukiri|Tera Blast|p1b: Squall\n|-damage|p1b: Squall|0 fnt\n|faint|p1b: Squall\n|-end|p1b: Squall|Quark Drive|[silent]\n|move|p1a: Hanbei|Close Combat|p2b: Pogsukiri\n|-supereffective|p2b: Pogsukiri\n|-damage|p2b: Pogsukiri|0 fnt\n|-unboost|p1a: Hanbei|def|1\n|-unboost|p1a: Hanbei|spd|1\n|faint|p2b: Pogsukiri\n|\n|win|D-Wrecks\n|raw|D-Wrecks's rating: 1641 → 1669<\/strong> (+28 for winning)\n|raw|SisalVT's rating: 1791 → 1763<\/strong> (-28 for losing)\n|l|\u2606SisalVT\n|l| hoozayisdead\n|l| Dragontamerty9\n","uploadtime":1683212060,"views":12,"p1id":"dwrecks","p2id":"sisalvt","formatid":"gen9vgc2023regulationc","rating":1669,"private":0,"password":""}