{"id":"gen9vgc2023regulationc-1845059913","p1":"SilverMKW","p2":"auraltamer","format":"[Gen 9] VGC 2023 Regulation C","log":"|j|\u2606SilverMKW\n|j|\u2606auraltamer\n|t:|1681678972\n|gametype|doubles\n|player|p1|SilverMKW|bellelba|1127\n|player|p2|auraltamer|ethan|1179\n|teamsize|p1|6\n|teamsize|p2|6\n|gen|9\n|tier|[Gen 9] VGC 2023 Regulation C\n|rated|\n|rule|Species Clause: Limit one of each Pok\u00e9mon\n|rule|Item Clause: Limit one of each item\n|clearpoke\n|poke|p1|Flutter Mane, L50|\n|poke|p1|Lycanroc, L50, F|\n|poke|p1|Tyranitar, L50, F|\n|poke|p1|Indeedee-F, L50, F|\n|poke|p1|Iron Bundle, L50|\n|poke|p1|Chi-Yu, L50|\n|poke|p2|Palafin, L50, M|\n|poke|p2|Pelipper, L50, F|\n|poke|p2|Iron Hands, L50|\n|poke|p2|Farigiraf, L50, F|\n|poke|p2|Amoonguss, L50, F|\n|poke|p2|Ting-Lu, L50|\n|teampreview|4\n|inactive|Battle timer is ON: inactive players will automatically lose when time's up. (requested by auraltamer)\n|inactive|SilverMKW has 60 seconds left.\n|\n|t:|1681679018\n|start\n|switch|p1a: Lycanroc|Lycanroc, L50, F, shiny|100\/100\n|switch|p1b: Tyranitar|Tyranitar, L50, F, shiny|100\/100\n|switch|p2a: Palafin|Palafin, L50, M, shiny|100\/100\n|switch|p2b: Farigiraf|Farigiraf, L50, F|100\/100\n|-weather|Sandstorm|[from] ability: Sand Stream|[of] p1b: Tyranitar\n|turn|1\n|inactive|auraltamer has 30 seconds left.\n|inactive|auraltamer has 20 seconds left.\n|\n|t:|1681679055\n|switch|p1a: Indeedee|Indeedee-F, L50, F|100\/100\n|-fieldstart|move: Psychic Terrain|[from] ability: Psychic Surge|[of] p1a: Indeedee\n|detailschange|p2a: Palafin|Palafin-Hero, L50, M, shiny\n|switch|p2a: Iron Hands|Iron Hands, L50|100\/100\n|move|p1b: Tyranitar|Crunch|p2b: Farigiraf\n|-supereffective|p2b: Farigiraf\n|-damage|p2b: Farigiraf|10\/100\n|move|p2b: Farigiraf|Trick Room|p2b: Farigiraf\n|-fieldstart|move: Trick Room|[of] p2b: Farigiraf\n|\n|-weather|Sandstorm|[upkeep]\n|-damage|p2a: Iron Hands|94\/100|[from] Sandstorm\n|upkeep\n|turn|2\n|inactive|SilverMKW has 30 seconds left.\n|\n|t:|1681679081\n|switch|p2b: Palafin|Palafin-Hero, L50, M, shiny|100\/100\n|-activate|p2b: Palafin|ability: Zero to Hero\n|-terastallize|p1b: Tyranitar|Flying\n|move|p2a: Iron Hands|Belly Drum|p2a: Iron Hands\n|-damage|p2a: Iron Hands|44\/100\n|-setboost|p2a: Iron Hands|atk|6|[from] move: Belly Drum\n|-enditem|p2a: Iron Hands|Sitrus Berry|[eat]\n|-heal|p2a: Iron Hands|69\/100|[from] item: Sitrus Berry\n|move|p1b: Tyranitar|Crunch|p2b: Palafin\n|-damage|p2b: Palafin|58\/100\n|move|p1a: Indeedee|Psychic|p2a: Iron Hands\n|-supereffective|p2a: Iron Hands\n|-damage|p2a: Iron Hands|18\/100\n|\n|-weather|Sandstorm|[upkeep]\n|-damage|p2a: Iron Hands|12\/100|[from] Sandstorm\n|-damage|p1b: Tyranitar|95\/100|[from] Sandstorm\n|-damage|p2b: Palafin|53\/100|[from] Sandstorm\n|upkeep\n|turn|3\n|inactive|SilverMKW has 30 seconds left.\n|inactive|auraltamer has 30 seconds left.\n|inactive|SilverMKW has 20 seconds left.\n|\n|t:|1681679118\n|switch|p2b: Pelipper|Pelipper, L50, F|100\/100\n|-weather|RainDance|[from] ability: Drizzle|[of] p2b: Pelipper\n|move|p1a: Indeedee|Follow Me|p1a: Indeedee\n|-singleturn|p1a: Indeedee|move: Follow Me\n|move|p2a: Iron Hands|Drain Punch|p1a: Indeedee\n|-damage|p1a: Indeedee|0 fnt\n|-heal|p2a: Iron Hands|46\/100|[from] drain|[of] p1a: Indeedee\n|faint|p1a: Indeedee\n|move|p1b: Tyranitar|Tera Blast|p2a: Iron Hands\n|-damage|p2a: Iron Hands|18\/100\n|\n|-weather|RainDance|[upkeep]\n|upkeep\n|\n|t:|1681679132\n|switch|p1a: Lycanroc|Lycanroc, L50, F, shiny|100\/100\n|turn|4\n|\n|t:|1681679154\n|move|p2a: Iron Hands|Drain Punch|p1b: Tyranitar\n|-resisted|p1b: Tyranitar\n|-damage|p1b: Tyranitar|38\/100\n|-heal|p2a: Iron Hands|40\/100|[from] drain|[of] p1b: Tyranitar\n|move|p2b: Pelipper|Hurricane|p1a: Lycanroc\n|-resisted|p1a: Lycanroc\n|-damage|p1a: Lycanroc|61\/100\n|move|p1b: Tyranitar|Tera Blast|p2a: Iron Hands\n|-damage|p2a: Iron Hands|8\/100\n|move|p1a: Lycanroc|Rock Slide|p2a: Iron Hands|[spread] p2a\n|-miss|p1a: Lycanroc|p2b: Pelipper\n|-resisted|p2a: Iron Hands\n|-damage|p2a: Iron Hands|0 fnt\n|faint|p2a: Iron Hands\n|-end|p2a: Iron Hands|Quark Drive|[silent]\n|\n|-weather|RainDance|[upkeep]\n|upkeep\n|inactive|auraltamer has 30 seconds left.\n|\n|t:|1681679184\n|switch|p2a: Palafin|Palafin-Hero, L50, M, shiny|53\/100\n|turn|5\n|\n|t:|1681679202\n|switch|p1b: Iron Bundle|Iron Bundle, L50|100\/100\n|-enditem|p1b: Iron Bundle|Booster Energy\n|-activate|p1b: Iron Bundle|ability: Quark Drive|[fromitem]\n|-start|p1b: Iron Bundle|quarkdrivespe\n|-terastallize|p2a: Palafin|Water\n|move|p2b: Pelipper|Hurricane|p1b: Iron Bundle\n|-damage|p1b: Iron Bundle|6\/100\n|move|p2a: Palafin|Wave Crash|p1a: Lycanroc\n|-supereffective|p1a: Lycanroc\n|-damage|p1a: Lycanroc|0 fnt\n|faint|p1a: Lycanroc\n|-damage|p2a: Palafin|38\/100|[from] Recoil\n|\n|-weather|RainDance|[upkeep]\n|-fieldend|move: Trick Room\n|-fieldend|move: Psychic Terrain\n|upkeep\n|\n|t:|1681679216\n|switch|p1a: Tyranitar|Tyranitar, L50, F, shiny, tera:Flying|38\/100\n|-weather|Sandstorm|[from] ability: Sand Stream|[of] p1a: Tyranitar\n|turn|6\n|\n|t:|1681679227\n|switch|p2a: Farigiraf|Farigiraf, L50, F|10\/100\n|move|p1b: Iron Bundle|Protect|p1b: Iron Bundle\n|-singleturn|p1b: Iron Bundle|Protect\n|move|p2b: Pelipper|Protect|p2b: Pelipper\n|-singleturn|p2b: Pelipper|Protect\n|move|p1a: Tyranitar|Rock Slide|p2b: Pelipper|[spread] p2a\n|-activate|p2b: Pelipper|move: Protect\n|-damage|p2a: Farigiraf|0 fnt\n|faint|p2a: Farigiraf\n|\n|-weather|Sandstorm|[upkeep]\n|-damage|p1b: Iron Bundle|0 fnt|[from] Sandstorm\n|-damage|p1a: Tyranitar|33\/100|[from] Sandstorm\n|-damage|p2b: Pelipper|95\/100|[from] Sandstorm\n|faint|p1b: Iron Bundle\n|-end|p1b: Iron Bundle|Quark Drive|[silent]\n|upkeep\n|\n|t:|1681679236\n|switch|p2a: Palafin|Palafin-Hero, L50, M, shiny, tera:Water|38\/100\n|turn|7\n|\n|t:|1681679246\n|move|p2b: Pelipper|Wide Guard|p2b: Pelipper\n|-singleturn|p2b: Pelipper|Wide Guard\n|move|p2a: Palafin|Jet Punch|p1a: Tyranitar\n|-damage|p1a: Tyranitar|0 fnt\n|faint|p1a: Tyranitar\n|\n|win|auraltamer\n|raw|SilverMKW's rating: 1127 → 1106<\/strong> (-21 for losing)\n|raw|auraltamer's rating: 1179 → 1200<\/strong> (+21 for winning)\n","uploadtime":1681679258,"views":7,"p1id":"silvermkw","p2id":"auraltamer","formatid":"gen9vgc2023regulationc","rating":1106,"private":0,"password":""}