{"id":"gen9vgc2023regulationc-1852215654","p1":"lczsb","p2":"Nehzzy","format":"[Gen 9] VGC 2023 Regulation C","log":"|j|\u2606lczsb\n|j|\u2606Nehzzy\n|t:|1682533680\n|gametype|doubles\n|player|p1|lczsb|darach|1182\n|player|p2|Nehzzy|steven|1215\n|teamsize|p1|6\n|teamsize|p2|6\n|gen|9\n|tier|[Gen 9] VGC 2023 Regulation C\n|rated|\n|rule|Species Clause: Limit one of each Pok\u00e9mon\n|rule|Item Clause: Limit one of each item\n|clearpoke\n|poke|p1|Oranguru, L50, F|\n|poke|p1|Iron Hands, L50|\n|poke|p1|Indeedee-F, L50, F|\n|poke|p1|Hatterene, L50, F|\n|poke|p1|Maushold-Four, L50|\n|poke|p1|Annihilape, L50, M|\n|poke|p2|Palafin, L50, M|\n|poke|p2|Arcanine, L50, M|\n|poke|p2|Flutter Mane, L50|\n|poke|p2|Amoonguss, L50, F|\n|poke|p2|Ting-Lu, L50|\n|poke|p2|Baxcalibur, L50, F|\n|teampreview|4\n|\n|t:|1682533714\n|start\n|switch|p1a: Oranguru|Oranguru, L50, F|100\/100\n|switch|p1b: Iron Hands|Iron Hands, L50|100\/100\n|switch|p2a: Palafin|Palafin, L50, M|100\/100\n|switch|p2b: Flutter Mane|Flutter Mane, L50|100\/100\n|-enditem|p1b: Iron Hands|Booster Energy\n|-activate|p1a: Oranguru|ability: Symbiosis|Life Orb|[of] p1b: Iron Hands\n|-activate|p1b: Iron Hands|ability: Quark Drive|[fromitem]\n|-start|p1b: Iron Hands|quarkdriveatk\n|turn|1\n|inactive|Battle timer is ON: inactive players will automatically lose when time's up. (requested by Nehzzy)\n|\n|t:|1682533742\n|detailschange|p2a: Palafin|Palafin-Hero, L50, M\n|switch|p2a: Amoonguss|Amoonguss, L50, F|100\/100\n|-terastallize|p1b: Iron Hands|Rock\n|move|p1b: Iron Hands|Fake Out|p2a: Amoonguss\n|-damage|p2a: Amoonguss|78\/100\n|-damage|p1b: Iron Hands|91\/100|[from] item: Life Orb\n|move|p2b: Flutter Mane|Dazzling Gleam|p1a: Oranguru|[spread] p1a,p1b\n|-damage|p1a: Oranguru|65\/100\n|-damage|p1b: Iron Hands|56\/100\n|move|p1a: Oranguru|Trick Room|p1a: Oranguru\n|-fieldstart|move: Trick Room|[of] p1a: Oranguru\n|\n|upkeep\n|turn|2\n|inactive|Nehzzy has 30 seconds left.\n|\n|t:|1682533777\n|-end|p1b: Iron Hands|Quark Drive|[silent]\n|switch|p1b: Hatterene|Hatterene, L50, F|100\/100\n|-terastallize|p2b: Flutter Mane|Fairy\n|move|p2a: Amoonguss|Rage Powder|p2a: Amoonguss\n|-singleturn|p2a: Amoonguss|move: Rage Powder\n|move|p1a: Oranguru|Psychic|p2a: Amoonguss\n|-supereffective|p2a: Amoonguss\n|-damage|p2a: Amoonguss|9\/100\n|-enditem|p2a: Amoonguss|Sitrus Berry|[eat]\n|-heal|p2a: Amoonguss|34\/100|[from] item: Sitrus Berry\n|move|p2b: Flutter Mane|Dazzling Gleam|p1b: Hatterene|[spread] p1a,p1b\n|-damage|p1a: Oranguru|19\/100\n|-damage|p1b: Hatterene|43\/100\n|\n|upkeep\n|turn|3\n|inactive|lczsb has 30 seconds left.\n|inactive|Nehzzy has 30 seconds left.\n|\n|t:|1682533803\n|-end|p2b: Flutter Mane|Protosynthesis|[silent]\n|switch|p2b: Ting-Lu|Ting-Lu, L50|100\/100\n|-ability|p2b: Ting-Lu|Vessel of Ruin\n|move|p1b: Hatterene|Dazzling Gleam|p2b: Ting-Lu|[spread] p2a,p2b\n|-resisted|p2a: Amoonguss\n|-supereffective|p2b: Ting-Lu\n|-damage|p2a: Amoonguss|22\/100\n|-damage|p2b: Ting-Lu|68\/100\n|move|p2a: Amoonguss|Spore|p1a: Oranguru\n|-status|p1a: Oranguru|slp|[from] move: Spore\n|cant|p1a: Oranguru|slp\n|\n|upkeep\n|turn|4\n|\n|t:|1682533822\n|move|p1b: Hatterene|Dazzling Gleam|p2a: Amoonguss|[spread] p2a,p2b\n|-resisted|p2a: Amoonguss\n|-supereffective|p2b: Ting-Lu\n|-damage|p2a: Amoonguss|11\/100\n|-damage|p2b: Ting-Lu|38\/100\n|move|p2a: Amoonguss|Pollen Puff|p2b: Ting-Lu\n|-heal|p2b: Ting-Lu|88\/100\n|cant|p1a: Oranguru|slp\n|move|p2b: Ting-Lu|Heavy Slam|p1b: Hatterene\n|-supereffective|p1b: Hatterene\n|-damage|p1b: Hatterene|0 fnt\n|faint|p1b: Hatterene\n|\n|upkeep\n|\n|t:|1682533834\n|switch|p1b: Iron Hands|Iron Hands, L50, tera:Rock|56\/100\n|turn|5\n|\n|t:|1682533853\n|move|p2a: Amoonguss|Rage Powder|p2a: Amoonguss\n|-singleturn|p2a: Amoonguss|move: Rage Powder\n|move|p1b: Iron Hands|Close Combat|p2a: Amoonguss\n|-resisted|p2a: Amoonguss\n|-damage|p2a: Amoonguss|0 fnt\n|-unboost|p1b: Iron Hands|def|1\n|-unboost|p1b: Iron Hands|spd|1\n|faint|p2a: Amoonguss\n|-damage|p1b: Iron Hands|47\/100|[from] item: Life Orb\n|-curestatus|p1a: Oranguru|slp|[msg]\n|move|p1a: Oranguru|Instruct|p1b: Iron Hands\n|-singleturn|p1b: Iron Hands|move: Instruct|[of] p1a: Oranguru\n|move|p1b: Iron Hands|Close Combat|p2b: Ting-Lu\n|-supereffective|p2b: Ting-Lu\n|-damage|p2b: Ting-Lu|0 fnt\n|-unboost|p1b: Iron Hands|def|1\n|-unboost|p1b: Iron Hands|spd|1\n|faint|p2b: Ting-Lu\n|-damage|p1b: Iron Hands|37\/100|[from] item: Life Orb\n|\n|-fieldend|move: Trick Room\n|upkeep\n|\n|t:|1682533870\n|switch|p2b: Palafin|Palafin-Hero, L50, M|100\/100\n|switch|p2a: Flutter Mane|Flutter Mane, L50, tera:Fairy|100\/100\n|-activate|p2b: Palafin|ability: Zero to Hero\n|turn|6\n|-message|lczsb forfeited.\n|\n|win|Nehzzy\n|raw|lczsb's rating: 1182 → 1159<\/strong> (-23 for losing)\n|raw|Nehzzy's rating: 1215 → 1238<\/strong> (+23 for winning)\n|l|\u2606lczsb\n","uploadtime":1682533886,"views":10,"p1id":"lczsb","p2id":"nehzzy","formatid":"gen9vgc2023regulationc","rating":1159,"private":0,"password":""}