{"id":"gen9vgc2023regulationc-1852454671","p1":"conkledonk","p2":"bacon122","format":"[Gen 9] VGC 2023 Regulation C","log":"|j|\u2606conkledonk\n|j|\u2606bacon122\n|t:|1682559679\n|gametype|doubles\n|player|p1|conkledonk|1|\n|player|p2|bacon122|brycenman|\n|teamsize|p1|6\n|teamsize|p2|6\n|gen|9\n|tier|[Gen 9] VGC 2023 Regulation C\n|rule|Species Clause: Limit one of each Pok\u00e9mon\n|rule|Item Clause: Limit one of each item\n|clearpoke\n|poke|p1|Dondozo, L50, F|\n|poke|p1|Tatsugiri-Stretchy, L50, F|\n|poke|p1|Glimmora, L50, M|\n|poke|p1|Pawmot, L50, F|\n|poke|p1|Talonflame, L50, M|\n|poke|p1|Gholdengo, L50|\n|poke|p2|Murkrow, L50, F|\n|poke|p2|Chi-Yu, L50|\n|poke|p2|Flutter Mane, L50|\n|poke|p2|Garchomp, L50, F|\n|poke|p2|Gyarados, L50, F|\n|poke|p2|Farigiraf, L50, F|\n|teampreview|4\nconkledonk has agreed to open team sheets.\n|j| NotDull_1\n|c|\u2606conkledonk|g2\nbacon122 has agreed to open team sheets.\n|l| NotDull_1\n|c|\u2606conkledonk|glhf\n|c|\u2606bacon122|glhf\n|\n|t:|1682560006\n|start\n|switch|p1a: Talonflame|Talonflame, L50, M|100\/100\n|switch|p1b: Pawmot|Pawmot, L50, F|100\/100\n|switch|p2a: Murkrow|Murkrow, L50, F|100\/100\n|switch|p2b: Garchomp|Garchomp, L50, F|100\/100\n|turn|1\n|inactive|Battle timer is ON: inactive players will automatically lose when time's up. (requested by conkledonk)\n|inactive|bacon122 has 60 seconds left.\n|\n|t:|1682560037\n|move|p1a: Talonflame|Brave Bird|p2a: Murkrow\n|-enditem|p2a: Murkrow|Focus Sash\n|-damage|p2a: Murkrow|1\/100\n|-damage|p1a: Talonflame|72\/100|[from] Recoil\n|move|p1b: Pawmot|Double Shock|p2a: Murkrow\n|-supereffective|p2a: Murkrow\n|-damage|p2a: Murkrow|0 fnt\n|-start|p1b: Pawmot|typechange|???\/Fighting|[from] move: Double Shock\n|faint|p2a: Murkrow\n|move|p2b: Garchomp|Rock Slide|p1b: Pawmot|[spread] p1a,p1b\n|-supereffective|p1a: Talonflame\n|-resisted|p1b: Pawmot\n|-damage|p1a: Talonflame|0 fnt\n|-damage|p1b: Pawmot|84\/100\n|faint|p1a: Talonflame\n|\n|upkeep\n|\n|t:|1682560048\n|switch|p1a: Dondozo|Dondozo, L50, F|100\/100\n|switch|p2a: Flutter Mane|Flutter Mane, L50|100\/100\n|-enditem|p2a: Flutter Mane|Booster Energy\n|-activate|p2a: Flutter Mane|ability: Protosynthesis|[fromitem]\n|-start|p2a: Flutter Mane|protosynthesisspe\n|turn|2\n|inactive|bacon122 has 30 seconds left.\n|\n|t:|1682560081\n|switch|p1b: Tatsugiri|Tatsugiri-Stretchy, L50, F|100\/100\n|-activate|p1b: Tatsugiri|ability: Commander|[of] p1a: Dondozo\n|-boost|p1a: Dondozo|atk|2\n|-boost|p1a: Dondozo|spa|2\n|-boost|p1a: Dondozo|spe|2\n|-boost|p1a: Dondozo|def|2\n|-boost|p1a: Dondozo|spd|2\n|-terastallize|p2a: Flutter Mane|Fairy\n|move|p2a: Flutter Mane|Dazzling Gleam|p1a: Dondozo|[spread] p1a\n|-miss|p2a: Flutter Mane|p1b: Tatsugiri\n|-damage|p1a: Dondozo|82\/100\n|move|p1a: Dondozo|Earthquake|p2a: Flutter Mane|[spread] p2a,p2b\n|-miss|p1a: Dondozo|p1b: Tatsugiri\n|-damage|p2a: Flutter Mane|10\/100\n|-damage|p2b: Garchomp|64\/100\n|move|p2b: Garchomp|Rock Slide|p1a: Dondozo|[spread] p1a\n|-miss|p2b: Garchomp|p1b: Tatsugiri\n|-damage|p1a: Dondozo|75\/100\n|\n|-heal|p1a: Dondozo|81\/100|[from] item: Leftovers\n|upkeep\n|turn|3\n|inactive|bacon122 has 30 seconds left.\n|inactive|bacon122 has 20 seconds left.\n|inactive|bacon122 has 15 seconds left.\n|\n|t:|1682560125\n|move|p2b: Garchomp|Protect|p2b: Garchomp\n|-singleturn|p2b: Garchomp|Protect\n|move|p2a: Flutter Mane|Moonblast|p1a: Dondozo\n|-damage|p1a: Dondozo|51\/100\n|move|p1a: Dondozo|Earthquake|p2a: Flutter Mane|[spread] p2a\n|-miss|p1a: Dondozo|p1b: Tatsugiri\n|-activate|p2b: Garchomp|move: Protect\n|-damage|p2a: Flutter Mane|0 fnt\n|faint|p2a: Flutter Mane\n|-end|p2a: Flutter Mane|Protosynthesis|[silent]\n|\n|-heal|p1a: Dondozo|57\/100|[from] item: Leftovers\n|upkeep\n|\n|t:|1682560131\n|switch|p2a: Chi-Yu|Chi-Yu, L50|100\/100\n|-ability|p2a: Chi-Yu|Beads of Ruin\n|turn|4\n|\n|t:|1682560137\n|move|p1a: Dondozo|Protect|p1a: Dondozo\n|-singleturn|p1a: Dondozo|Protect\n|move|p2a: Chi-Yu|Dark Pulse|p1a: Dondozo\n|-activate|p1a: Dondozo|move: Protect\n|move|p2b: Garchomp|Earthquake|p1a: Dondozo|[spread] p2a\n|-miss|p2b: Garchomp|p1b: Tatsugiri\n|-activate|p1a: Dondozo|move: Protect\n|-supereffective|p2a: Chi-Yu\n|-damage|p2a: Chi-Yu|0 fnt\n|faint|p2a: Chi-Yu\n|\n|-heal|p1a: Dondozo|63\/100|[from] item: Leftovers\n|upkeep\n|turn|5\n|-message|bacon122 forfeited.\n|\n|win|conkledonk\n|l|\u2606bacon122\n|c|\u2606conkledonk|ggs\n","uploadtime":1682561092,"views":15,"p1id":"conkledonk","p2id":"bacon122","formatid":"gen9vgc2023regulationc","rating":0,"private":0,"password":""}