{"id":"gen9vgc2023regulationc-1847693624","p1":"twist22","p2":"DuoNLemonn","format":"[Gen 9] VGC 2023 Regulation C","log":"|j|\u2606twist22\n|j|\u2606DuoNLemonn\n|t:|1681993185\n|gametype|doubles\n|player|p1|twist22|bellelba|1192\n|player|p2|DuoNLemonn|allister|1252\n|teamsize|p1|6\n|teamsize|p2|6\n|gen|9\n|tier|[Gen 9] VGC 2023 Regulation C\n|rated|\n|rule|Species Clause: Limit one of each Pok\u00e9mon\n|rule|Item Clause: Limit one of each item\n|clearpoke\n|poke|p1|Bronzong, L50|\n|poke|p1|Amoonguss, L50, F|\n|poke|p1|Flutter Mane, L50|\n|poke|p1|Chi-Yu, L50|\n|poke|p1|Torkoal, L50, F|\n|poke|p1|Scream Tail, L50|\n|poke|p2|Chi-Yu, L50|\n|poke|p2|Flutter Mane, L50|\n|poke|p2|Dachsbun, L50, F|\n|poke|p2|Baxcalibur, L50, M|\n|poke|p2|Lilligant, L50, F|\n|poke|p2|Torkoal, L50, M|\n|teampreview|4\n|inactive|Battle timer is ON: inactive players will automatically lose when time's up. (requested by twist22)\n|inactive|twist22 has 60 seconds left.\n|\n|t:|1681993223\n|start\n|switch|p1a: Scream Tail|Scream Tail, L50|100\/100\n|switch|p1b: Torkoal|Torkoal, L50, F|100\/100\n|switch|p2a: Cool... Goldfish?|Chi-Yu, L50|100\/100\n|switch|p2b: Deadly Fairy|Flutter Mane, L50|100\/100\n|-ability|p2a: Cool... Goldfish?|Beads of Ruin\n|-weather|SunnyDay|[from] ability: Drought|[of] p1b: Torkoal\n|-activate|p2b: Deadly Fairy|ability: Protosynthesis\n|-start|p2b: Deadly Fairy|protosynthesisspe\n|-activate|p1a: Scream Tail|ability: Protosynthesis\n|-start|p1a: Scream Tail|protosynthesisdef\n|turn|1\n|\n|t:|1681993243\n|move|p1b: Torkoal|Protect|p1b: Torkoal\n|-singleturn|p1b: Torkoal|Protect\n|move|p2b: Deadly Fairy|Power Gem|p1b: Torkoal\n|-activate|p1b: Torkoal|move: Protect\n|move|p2a: Cool... Goldfish?|Heat Wave|p1a: Scream Tail|[spread] p1a\n|-activate|p1b: Torkoal|move: Protect\n|-damage|p1a: Scream Tail|56\/100\n|move|p1a: Scream Tail|Trick Room|p1a: Scream Tail\n|-fieldstart|move: Trick Room|[of] p1a: Scream Tail\n|\n|-weather|SunnyDay|[upkeep]\n|upkeep\n|turn|2\n|\n|t:|1681993264\n|-terastallize|p1b: Torkoal|Fire\n|move|p1a: Scream Tail|Helping Hand|p1b: Torkoal\n|-singleturn|p1b: Torkoal|Helping Hand|[of] p1a: Scream Tail\n|move|p1b: Torkoal|Eruption|p2b: Deadly Fairy|[spread] p2a,p2b\n|-resisted|p2a: Cool... Goldfish?\n|-damage|p2a: Cool... Goldfish?|29\/100\n|-enditem|p2b: Deadly Fairy|Focus Sash\n|-damage|p2b: Deadly Fairy|1\/100\n|move|p2a: Cool... Goldfish?|Heat Wave|p1a: Scream Tail|[spread] p1a,p1b\n|-resisted|p1b: Torkoal\n|-damage|p1a: Scream Tail|8\/100\n|-damage|p1b: Torkoal|54\/100\n|move|p2b: Deadly Fairy|Power Gem|p1b: Torkoal\n|-supereffective|p1b: Torkoal\n|-damage|p1b: Torkoal|0 fnt\n|faint|p1b: Torkoal\n|\n|-weather|SunnyDay|[upkeep]\n|upkeep\n|inactive|twist22 has 30 seconds left.\n|\n|t:|1681993289\n|switch|p1b: Amoonguss|Amoonguss, L50, F|100\/100\n|turn|3\n|\n|t:|1681993302\n|move|p1b: Amoonguss|Spore|p2a: Cool... Goldfish?\n|-status|p2a: Cool... Goldfish?|slp|[from] move: Spore\n|move|p1a: Scream Tail|Play Rough|p2b: Deadly Fairy\n|-damage|p2b: Deadly Fairy|0 fnt\n|faint|p2b: Deadly Fairy\n|-end|p2b: Deadly Fairy|Protosynthesis|[silent]\n|cant|p2a: Cool... Goldfish?|slp\n|\n|-weather|SunnyDay|[upkeep]\n|upkeep\n|\n|t:|1681993309\n|switch|p2b: Cinnamon|Dachsbun, L50, F|100\/100\n|turn|4\n|\n|t:|1681993321\n|move|p1b: Amoonguss|Pollen Puff|p1a: Scream Tail\n|-heal|p1a: Scream Tail|57\/100\n|move|p1a: Scream Tail|Encore||[still]\n|-fail|p1a: Scream Tail\n|move|p2b: Cinnamon|Play Rough|p1a: Scream Tail\n|-damage|p1a: Scream Tail|44\/100\n|cant|p2a: Cool... Goldfish?|slp\n|\n|-weather|SunnyDay|[upkeep]\n|upkeep\n|turn|5\n|\n|t:|1681993338\n|move|p1b: Amoonguss|Pollen Puff|p1a: Scream Tail\n|-heal|p1a: Scream Tail|94\/100\n|move|p1a: Scream Tail|Play Rough|p2a: Cool... Goldfish?\n|-damage|p2a: Cool... Goldfish?|0 fnt\n|faint|p2a: Cool... Goldfish?\n|move|p2b: Cinnamon|Charm|p1a: Scream Tail\n|-unboost|p1a: Scream Tail|atk|2\n|\n|-weather|none\n|-end|p1a: Scream Tail|Protosynthesis\n|-fieldend|move: Trick Room\n|upkeep\n|\n|t:|1681993347\n|switch|p2a: Baxcalibrrrrrrr|Baxcalibur, L50, M|100\/100\n|turn|6\n|\n|t:|1681993356\n|switch|p1b: Bronzong|Bronzong, L50|100\/100\n|move|p2b: Cinnamon|Body Press|p1b: Bronzong\n|-damage|p1b: Bronzong|85\/100\n|move|p2a: Baxcalibrrrrrrr|Icicle Crash|p1b: Bronzong\n|-resisted|p1b: Bronzong\n|-damage|p1b: Bronzong|68\/100\n|move|p1a: Scream Tail|Trick Room|p1a: Scream Tail\n|-fieldstart|move: Trick Room|[of] p1a: Scream Tail\n|\n|-heal|p1b: Bronzong|74\/100|[from] item: Leftovers\n|upkeep\n|turn|7\n|\n|t:|1681993381\n|-terastallize|p2a: Baxcalibrrrrrrr|Water\n|move|p1b: Bronzong|Iron Defense|p1b: Bronzong\n|-boost|p1b: Bronzong|def|2\n|move|p1a: Scream Tail|Encore|p2b: Cinnamon\n|-start|p2b: Cinnamon|Encore\n|move|p2a: Baxcalibrrrrrrr|Icicle Crash|p1a: Scream Tail\n|-damage|p1a: Scream Tail|65\/100\n|move|p2b: Cinnamon|Body Press|p1a: Scream Tail\n|-resisted|p1a: Scream Tail\n|-damage|p1a: Scream Tail|62\/100\n|\n|-heal|p1b: Bronzong|80\/100|[from] item: Leftovers\n|upkeep\n|turn|8\n|-message|DuoNLemonn forfeited.\n|\n|win|twist22\n|raw|twist22's rating: 1192 → 1221<\/strong> (+29 for winning)\n|raw|DuoNLemonn's rating: 1252 → 1223<\/strong> (-29 for losing)\n|l|\u2606DuoNLemonn\n|l|\u2606twist22\n|j|\u2606twist22\n|player|p1|twist22|bellelba\n","uploadtime":1681993433,"views":13,"p1id":"twist22","p2id":"duonlemonn","formatid":"gen9vgc2023regulationc","rating":1221,"private":0,"password":""}