{"id":"gen9vgc2023regulationc-1850999661","p1":"RoiBoi6","p2":"leafyarrow","format":"[Gen 9] VGC 2023 Regulation C","log":"|j|\u2606RoiBoi6\n|j|\u2606leafyarrow\n|t:|1682392171\n|gametype|doubles\n|player|p1|RoiBoi6|steven|1392\n|player|p2|leafyarrow|leaf-gen3|1312\n|teamsize|p1|6\n|teamsize|p2|6\n|gen|9\n|tier|[Gen 9] VGC 2023 Regulation C\n|rated|\n|rule|Species Clause: Limit one of each Pok\u00e9mon\n|rule|Item Clause: Limit one of each item\n|clearpoke\n|poke|p1|Great Tusk, L50|\n|poke|p1|Talonflame, L50, M|\n|poke|p1|Flutter Mane, L50|\n|poke|p1|Tyranitar, L50, F|\n|poke|p1|Iron Bundle, L50|\n|poke|p1|Gothitelle, L50, M|\n|poke|p2|Flutter Mane, L50|\n|poke|p2|Palafin, L50, M|\n|poke|p2|Amoonguss, L50, M|\n|poke|p2|Ting-Lu, L50|\n|poke|p2|Arcanine, L50, M|\n|poke|p2|Jolteon, L50, F|\n|teampreview|4\nleafyarrow has agreed to open team sheets.\n|inactive|Battle timer is ON: inactive players will automatically lose when time's up. (requested by RoiBoi6)\nRoiBoi6 rejected open team sheets.\n|\n|t:|1682392220\n|start\n|switch|p1a: Talonflame|Talonflame, L50, M|100\/100\n|switch|p1b: Flutter Mane|Flutter Mane, L50|100\/100\n|switch|p2a: Flutter Mane|Flutter Mane, L50|100\/100\n|switch|p2b: Amoonguss|Amoonguss, L50, M|100\/100\n|-enditem|p1b: Flutter Mane|Booster Energy\n|-activate|p1b: Flutter Mane|ability: Protosynthesis|[fromitem]\n|-start|p1b: Flutter Mane|protosynthesisspa\n|turn|1\n|\n|t:|1682392243\n|move|p2b: Amoonguss|Rage Powder|p2b: Amoonguss\n|-singleturn|p2b: Amoonguss|move: Rage Powder\n|move|p2a: Flutter Mane|Shadow Ball|p1b: Flutter Mane\n|-supereffective|p1b: Flutter Mane\n|-damage|p1b: Flutter Mane|0 fnt\n|faint|p1b: Flutter Mane\n|-end|p1b: Flutter Mane|Protosynthesis|[silent]\n|move|p1a: Talonflame|Taunt|p2b: Amoonguss\n|-start|p2b: Amoonguss|move: Taunt\n|\n|upkeep\n|\n|t:|1682392252\n|switch|p1b: Great Tusk|Great Tusk, L50|100\/100\n|turn|2\n|\n|t:|1682392268\n|move|p1a: Talonflame|Tailwind|p1a: Talonflame\n|-sidestart|p1: RoiBoi6|move: Tailwind\n|move|p1b: Great Tusk|Earthquake|p2b: Amoonguss|[spread] p2a,p2b\n|-immune|p1a: Talonflame\n|-damage|p2a: Flutter Mane|24\/100\n|-damage|p2b: Amoonguss|71\/100\n|move|p2a: Flutter Mane|Shadow Ball|p1b: Great Tusk\n|-damage|p1b: Great Tusk|18\/100\n|move|p2b: Amoonguss|Pollen Puff|p1a: Talonflame\n|-resisted|p1a: Talonflame\n|-damage|p1a: Talonflame|94\/100\n|\n|upkeep\n|turn|3\n|inactive|leafyarrow has 30 seconds left.\n|inactive|leafyarrow has 20 seconds left.\n|inactive|leafyarrow has 15 seconds left.\n|inactive|leafyarrow has 10 seconds left.\n|\n|t:|1682392313\n|-terastallize|p1b: Great Tusk|Ground\n|move|p1a: Talonflame|Brave Bird|p2b: Amoonguss\n|-supereffective|p2b: Amoonguss\n|-damage|p2b: Amoonguss|0 fnt\n|faint|p2b: Amoonguss\n|-damage|p1a: Talonflame|61\/100|[from] Recoil\n|move|p1b: Great Tusk|Earthquake|p2a: Flutter Mane|[spread] p2a\n|-immune|p1a: Talonflame\n|-damage|p2a: Flutter Mane|0 fnt\n|faint|p2a: Flutter Mane\n|-end|p2a: Flutter Mane|Protosynthesis|[silent]\n|\n|upkeep\n|\n|t:|1682392325\n|switch|p2a: Palafin|Palafin, L50, M|100\/100\n|switch|p2b: Jolteon|Jolteon, L50, F|100\/100\n|turn|4\n|\n|t:|1682392342\n|move|p1b: Great Tusk|Protect|p1b: Great Tusk\n|-singleturn|p1b: Great Tusk|Protect\n|move|p2b: Jolteon|Detect|p2b: Jolteon\n|-singleturn|p2b: Jolteon|Protect\n|move|p2a: Palafin|Protect|p2a: Palafin\n|-singleturn|p2a: Palafin|Protect\n|move|p1a: Talonflame|Will-O-Wisp|p2a: Palafin\n|-activate|p2a: Palafin|move: Protect\n|\n|upkeep\n|turn|5\n|\n|t:|1682392365\n|-terastallize|p2a: Palafin|Water\n|move|p2a: Palafin|Jet Punch|p1b: Great Tusk\n|-supereffective|p1b: Great Tusk\n|-damage|p1b: Great Tusk|0 fnt\n|faint|p1b: Great Tusk\n|-end|p1b: Great Tusk|Protosynthesis|[silent]\n|move|p1a: Talonflame|Will-O-Wisp|p2a: Palafin\n|-status|p2a: Palafin|brn\n|move|p2b: Jolteon|Thunderbolt|p1a: Talonflame\n|-supereffective|p1a: Talonflame\n|-damage|p1a: Talonflame|0 fnt\n|faint|p1a: Talonflame\n|\n|-damage|p2a: Palafin|95\/100 brn|[from] brn\n|-sideend|p1: RoiBoi6|move: Tailwind\n|upkeep\n|\n|t:|1682392378\n|switch|p1b: Tyranitar|Tyranitar, L50, F|100\/100\n|-weather|Sandstorm|[from] ability: Sand Stream|[of] p1b: Tyranitar\n|turn|6\n|\n|t:|1682392391\n|move|p2b: Jolteon|Tickle|p1b: Tyranitar\n|-unboost|p1b: Tyranitar|atk|1\n|-unboost|p1b: Tyranitar|def|1\n|move|p2a: Palafin|Wave Crash|p1b: Tyranitar\n|-supereffective|p1b: Tyranitar\n|-damage|p1b: Tyranitar|11\/100\n|-damage|p2a: Palafin|64\/100 brn|[from] Recoil\n|move|p1b: Tyranitar|Rock Slide|p2a: Palafin|[spread] p2a,p2b\n|-damage|p2a: Palafin|37\/100 brn\n|-damage|p2b: Jolteon|63\/100\n|\n|-weather|Sandstorm|[upkeep]\n|-damage|p2b: Jolteon|57\/100|[from] Sandstorm\n|-damage|p2a: Palafin|31\/100 brn|[from] Sandstorm\n|-damage|p2a: Palafin|25\/100 brn|[from] brn\n|upkeep\n|turn|7\n|-message|RoiBoi6 forfeited.\n|\n|win|leafyarrow\n|raw|RoiBoi6's rating: 1392 → 1367<\/strong> (-25 for losing)\n|raw|leafyarrow's rating: 1312 → 1337<\/strong> (+25 for winning)\n|l|\u2606RoiBoi6\n","uploadtime":1682392407,"views":19,"p1id":"roiboi6","p2id":"leafyarrow","formatid":"gen9vgc2023regulationc","rating":1337,"private":0,"password":""}