{"id":"gen9vgc2023regulationc-1861110680","p1":"XD VIRGO","p2":"Edoardo.Versari","format":"[Gen 9] VGC 2023 Regulation C","log":"|j|\u2606XD VIRGO\n|j|\u2606Edoardo.Versari\n|t:|1683727494\n|gametype|doubles\n|player|p1|XD VIRGO|depotagent|1138\n|player|p2|Edoardo.Versari|266|1239\n|teamsize|p1|6\n|teamsize|p2|6\n|gen|9\n|tier|[Gen 9] VGC 2023 Regulation C\n|rated|\n|rule|Species Clause: Limit one of each Pok\u00e9mon\n|rule|Item Clause: Limit one of each item\n|clearpoke\n|poke|p1|Torkoal, L50, M|\n|poke|p1|Hatterene, L50, F|\n|poke|p1|Bronzong, L50|\n|poke|p1|Dragonite, L50, F|\n|poke|p1|Great Tusk, L50|\n|poke|p1|Murkrow, L50, M|\n|poke|p2|Wigglytuff, L50, F|\n|poke|p2|Stantler, L50, F|\n|poke|p2|Torkoal, L50, M|\n|poke|p2|Hariyama, L50, M|\n|poke|p2|Chien-Pao, L50|\n|poke|p2|Dragonite, L50, M|\n|teampreview|4\n|inactive|Battle timer is ON: inactive players will automatically lose when time's up. (requested by Edoardo.Versari)\n|inactive|XD VIRGO has 60 seconds left.\n|inactive|Edoardo.Versari has 60 seconds left.\n|inactive|XD VIRGO has 30 seconds left.\n|\n|t:|1683727564\n|start\n|switch|p1a: Bronzong|Bronzong, L50|100\/100\n|switch|p1b: Hatterene|Hatterene, L50, F|100\/100\n|switch|p2a: Stantler|Stantler, L50, F|100\/100\n|switch|p2b: Wigglytuff|Wigglytuff, L50, F|100\/100\n|-ability|p2a: Stantler|Intimidate|boost\n|-unboost|p1a: Bronzong|atk|1\n|-unboost|p1b: Hatterene|atk|1\n|turn|1\n|inactive|Edoardo.Versari has 30 seconds left.\n|inactive|Edoardo.Versari has 20 seconds left.\n|inactive|Edoardo.Versari has 15 seconds left.\n|\n|t:|1683727608\n|move|p1b: Hatterene|Protect|p1b: Hatterene\n|-singleturn|p1b: Hatterene|Protect\n|move|p2a: Stantler|Skill Swap|p1a: Bronzong\n|-activate|p2a: Stantler|move: Skill Swap|Levitate|Intimidate|[of] p1a: Bronzong\n|-ability|p1a: Bronzong|Intimidate|boost\n|-unboost|p2a: Stantler|atk|1\n|-unboost|p2b: Wigglytuff|atk|1\n|-ability|p2b: Wigglytuff|Competitive|boost\n|-boost|p2b: Wigglytuff|spa|2\n|move|p2b: Wigglytuff|Dazzling Gleam|p1a: Bronzong|[spread] p1a\n|-activate|p1b: Hatterene|move: Protect\n|-resisted|p1a: Bronzong\n|-damage|p1a: Bronzong|73\/100\n|-damage|p2b: Wigglytuff|91\/100|[from] item: Life Orb\n|move|p1a: Bronzong|Trick Room|p1a: Bronzong\n|-fieldstart|move: Trick Room|[of] p1a: Bronzong\n|\n|upkeep\n|turn|2\n|inactive|XD VIRGO has 30 seconds left.\n|inactive|Edoardo.Versari has 30 seconds left.\n|inactive|XD VIRGO has 20 seconds left.\n|inactive|Edoardo.Versari has 20 seconds left.\n|inactive|XD VIRGO has 15 seconds left.\n|inactive|Edoardo.Versari has 15 seconds left.\n|inactive|Edoardo.Versari has 10 seconds left.\n|inactive|XD VIRGO has 10 seconds left.\n|inactive|Edoardo.Versari has 5 seconds left.\n|\n|t:|1683727663\n|move|p1a: Bronzong|Gyro Ball|p2b: Wigglytuff\n|-supereffective|p2b: Wigglytuff\n|-damage|p2b: Wigglytuff|71\/100\n|move|p2b: Wigglytuff|Dazzling Gleam|p1b: Hatterene|[spread] p1a,p1b\n|-resisted|p1a: Bronzong\n|-crit|p1a: Bronzong\n|-damage|p1a: Bronzong|35\/100\n|-damage|p1b: Hatterene|32\/100\n|-enditem|p1a: Bronzong|Sitrus Berry|[eat]\n|-heal|p1a: Bronzong|60\/100|[from] item: Sitrus Berry\n|-damage|p2b: Wigglytuff|62\/100|[from] item: Life Orb\n|move|p1b: Hatterene|Psychic|p2b: Wigglytuff\n|-damage|p2b: Wigglytuff|0 fnt\n|faint|p2b: Wigglytuff\n|-damage|p1b: Hatterene|22\/100|[from] item: Life Orb\n|move|p2a: Stantler|Trick Room|p2a: Stantler\n|-fieldend|move: Trick Room\n|\n|upkeep\n|\n|t:|1683727682\n|switch|p2b: Hariyama|Hariyama, L50, M|100\/100\n|turn|3\n|\n|t:|1683727704\n|move|p1b: Hatterene|Protect|p1b: Hatterene\n|-singleturn|p1b: Hatterene|Protect\n|move|p2b: Hariyama|Fake Out|p1b: Hatterene\n|-activate|p1b: Hatterene|move: Protect\n|move|p2a: Stantler|Hypnosis|p1b: Hatterene\n|-activate|p1b: Hatterene|move: Protect\n|move|p1a: Bronzong|Trick Room|p1a: Bronzong\n|-fieldstart|move: Trick Room|[of] p1a: Bronzong\n|\n|-status|p2b: Hariyama|brn|[from] item: Flame Orb\n|upkeep\n|turn|4\n|\n|t:|1683727723\n|move|p1a: Bronzong|Gyro Ball|p2a: Stantler\n|-damage|p2a: Stantler|88\/100\n|move|p1b: Hatterene|Dazzling Gleam|p2a: Stantler|[spread] p2a,p2b\n|-supereffective|p2b: Hariyama\n|-damage|p2a: Stantler|53\/100\n|-damage|p2b: Hariyama|9\/100 brn\n|-damage|p1b: Hatterene|12\/100|[from] item: Life Orb\n|move|p2b: Hariyama|Knock Off|p1a: Bronzong\n|-supereffective|p1a: Bronzong\n|-damage|p1a: Bronzong|0 fnt\n|faint|p1a: Bronzong\n|move|p2a: Stantler|Hypnosis|p1b: Hatterene\n|move|p1b: Hatterene|Hypnosis|p2a: Stantler|[from]ability: Magic Bounce|[miss]\n|-miss|p1b: Hatterene|p2a: Stantler\n|\n|-damage|p2b: Hariyama|3\/100 brn|[from] brn\n|upkeep\n|\n|t:|1683727744\n|switch|p1a: Torkoal|Torkoal, L50, M, shiny|100\/100\n|-weather|SunnyDay|[from] ability: Drought|[of] p1a: Torkoal\n|turn|5\n|inactive|Edoardo.Versari has 30 seconds left.\n|\n|t:|1683727775\n|move|p2b: Hariyama|Wide Guard|p2b: Hariyama\n|-singleturn|p2b: Hariyama|Wide Guard\n|move|p1a: Torkoal|Heat Wave|p2a: Stantler|[spread] \n|-activate|p2a: Stantler|move: Wide Guard\n|-activate|p2b: Hariyama|move: Wide Guard\n|move|p1b: Hatterene|Psychic|p2a: Stantler\n|-damage|p2a: Stantler|0 fnt\n|faint|p2a: Stantler\n|-damage|p1b: Hatterene|2\/100|[from] item: Life Orb\n|\n|-weather|SunnyDay|[upkeep]\n|-damage|p2b: Hariyama|0 fnt|[from] brn\n|faint|p2b: Hariyama\n|upkeep\n|\n|t:|1683727789\n|switch|p2a: Torkoal|Torkoal, L50, M|100\/100\n|turn|6\n|\n|t:|1683727801\n|-terastallize|p2a: Torkoal|Fire\n|-terastallize|p1a: Torkoal|Fire\n|move|p2a: Torkoal|Eruption|p1a: Torkoal|[spread] p1a,p1b\n|-resisted|p1a: Torkoal\n|-damage|p1a: Torkoal|36\/100\n|-damage|p1b: Hatterene|0 fnt\n|faint|p1b: Hatterene\n|move|p1a: Torkoal|Heat Wave|p2a: Torkoal\n|-resisted|p2a: Torkoal\n|-damage|p2a: Torkoal|26\/100\n|\n|-weather|SunnyDay|[upkeep]\n|upkeep\n|\n|t:|1683727816\n|switch|p1b: Dragonite|Dragonite, L50, F|100\/100\n|turn|7\n|\n|t:|1683727825\n|move|p1b: Dragonite|Extreme Speed|p2a: Torkoal\n|-damage|p2a: Torkoal|4\/100\n|move|p2a: Torkoal|Heat Wave|p1a: Torkoal|[spread] p1a,p1b\n|-resisted|p1a: Torkoal\n|-resisted|p1b: Dragonite\n|-damage|p1a: Torkoal|0 fnt\n|-damage|p1b: Dragonite|89\/100\n|faint|p1a: Torkoal\n|\n|-weather|SunnyDay|[upkeep]\n|-fieldend|move: Trick Room\n|upkeep\n|turn|8\n|\n|t:|1683727839\n|move|p1b: Dragonite|Thunder Punch|p2a: Torkoal\n|-damage|p2a: Torkoal|0 fnt\n|faint|p2a: Torkoal\n|\n|win|XD VIRGO\n|raw|XD VIRGO's rating: 1138 → 1170<\/strong> (+32 for winning)\n|raw|Edoardo.Versari's rating: 1239 → 1207<\/strong> (-32 for losing)\n|l|\u2606Edoardo.Versari\n","uploadtime":1683728080,"views":12,"p1id":"xdvirgo","p2id":"edoardoversari","formatid":"gen9vgc2023regulationc","rating":1170,"private":0,"password":""}