{"id":"gen9vgc2023regulationc-1861024481","p1":"naki2007","p2":"RG3202","format":"[Gen 9] VGC 2023 Regulation C","log":"|j|\u2606naki2007\n|j|\u2606RG3202\n|t:|1683716452\n|gametype|doubles\n|player|p1|naki2007|265|1079\n|player|p2|RG3202|veteran|1023\n|teamsize|p1|6\n|teamsize|p2|6\n|gen|9\n|tier|[Gen 9] VGC 2023 Regulation C\n|rated|\n|rule|Species Clause: Limit one of each Pok\u00e9mon\n|rule|Item Clause: Limit one of each item\n|clearpoke\n|poke|p1|Iron Hands, L50|\n|poke|p1|Iron Bundle, L50|\n|poke|p1|Ting-Lu, L50|\n|poke|p1|Orthworm, L50, M|\n|poke|p1|Flutter Mane, L50|\n|poke|p1|Arcanine, L50, M|\n|poke|p2|Wo-Chien, L50|\n|poke|p2|Sableye, L50, M|\n|poke|p2|Flutter Mane, L50|\n|poke|p2|Espathra, L50, M|\n|poke|p2|Sandy Shocks, L50|\n|poke|p2|Cyclizar, L50, M|\n|teampreview|4\n|\n|t:|1683716495\n|start\n|switch|p1a: Flutter Mane|Flutter Mane, L50, shiny|100\/100\n|switch|p1b: Iron Bundle|Iron Bundle, L50, shiny|100\/100\n|switch|p2a: Wo-Chien|Wo-Chien, L50|100\/100\n|switch|p2b: Espathra|Espathra, L50, M|100\/100\n|-ability|p2a: Wo-Chien|Tablets of Ruin\n|turn|1\n|\n|t:|1683716512\n|-terastallize|p2a: Wo-Chien|Fairy\n|move|p2b: Espathra|Protect|p2b: Espathra\n|-singleturn|p2b: Espathra|Protect\n|move|p1b: Iron Bundle|Icy Wind|p2b: Espathra|[spread] p2a\n|-activate|p2b: Espathra|move: Protect\n|-damage|p2a: Wo-Chien|90\/100\n|-unboost|p2a: Wo-Chien|spe|1\n|move|p1a: Flutter Mane|Dazzling Gleam|p2b: Espathra|[spread] p2a\n|-activate|p2b: Espathra|move: Protect\n|-damage|p2a: Wo-Chien|61\/100\n|move|p2a: Wo-Chien|Light Screen|p2a: Wo-Chien\n|-sidestart|p2: RG3202|move: Light Screen\n|\n|-ability|p2b: Espathra|Speed Boost|boost\n|-boost|p2b: Espathra|spe|1\n|upkeep\n|turn|2\n|\n|t:|1683716538\n|move|p2b: Espathra|Hypnosis|p1a: Flutter Mane\n|-status|p1a: Flutter Mane|slp|[from] move: Hypnosis\n|move|p1b: Iron Bundle|Encore|p2a: Wo-Chien\n|-start|p2a: Wo-Chien|Encore\n|cant|p1a: Flutter Mane|slp\n|move|p2a: Wo-Chien|Light Screen||[still]\n|-fail|p2a: Wo-Chien\n|\n|-ability|p2b: Espathra|Speed Boost|boost\n|-boost|p2b: Espathra|spe|1\n|upkeep\n|turn|3\n|\n|t:|1683716564\n|switch|p2a: Sandy Shocks|Sandy Shocks, L50|100\/100\n|-enditem|p2a: Sandy Shocks|Booster Energy\n|-activate|p2a: Sandy Shocks|ability: Protosynthesis|[fromitem]\n|-start|p2a: Sandy Shocks|protosynthesisspa\n|move|p2b: Espathra|Hypnosis|p1b: Iron Bundle\n|-status|p1b: Iron Bundle|slp|[from] move: Hypnosis\n|cant|p1b: Iron Bundle|slp\n|cant|p1a: Flutter Mane|slp\n|\n|-ability|p2b: Espathra|Speed Boost|boost\n|-boost|p2b: Espathra|spe|1\n|upkeep\n|turn|4\n|inactive|Battle timer is ON: inactive players will automatically lose when time's up. (requested by naki2007)\n|\n|t:|1683716591\n|-end|p1b: Iron Bundle|Quark Drive|[silent]\n|switch|p1b: Iron Hands|Iron Hands, L50, shiny|100\/100\n|-enditem|p1b: Iron Hands|Booster Energy\n|-activate|p1b: Iron Hands|ability: Quark Drive|[fromitem]\n|-start|p1b: Iron Hands|quarkdriveatk\n|move|p2b: Espathra|Lumina Crash|p1a: Flutter Mane\n|-damage|p1a: Flutter Mane|70\/100 slp\n|-unboost|p1a: Flutter Mane|spd|2\n|cant|p1a: Flutter Mane|slp\n|move|p2a: Sandy Shocks|Thunderbolt|p1b: Iron Hands\n|-resisted|p1b: Iron Hands\n|-damage|p1b: Iron Hands|71\/100\n|\n|-ability|p2b: Espathra|Speed Boost|boost\n|-boost|p2b: Espathra|spe|1\n|upkeep\n|turn|5\n|inactive|naki2007 has 30 seconds left.\n|\n|t:|1683716623\n|move|p1b: Iron Hands|Fake Out|p2a: Sandy Shocks\n|-damage|p2a: Sandy Shocks|78\/100\n|move|p2b: Espathra|Hypnosis|p1b: Iron Hands\n|-status|p1b: Iron Hands|slp|[from] move: Hypnosis\n|-curestatus|p1a: Flutter Mane|slp|[msg]\n|move|p1a: Flutter Mane|Dazzling Gleam|p2a: Sandy Shocks|[spread] p2a,p2b\n|-damage|p2a: Sandy Shocks|37\/100\n|-damage|p2b: Espathra|63\/100\n|cant|p2a: Sandy Shocks|flinch\n|\n|-heal|p2b: Espathra|70\/100|[from] item: Leftovers\n|-ability|p2b: Espathra|Speed Boost|boost\n|-boost|p2b: Espathra|spe|1\n|upkeep\n|turn|6\n|inactive|RG3202 has 30 seconds left.\n|\n|t:|1683716651\n|-end|p1b: Iron Hands|Quark Drive|[silent]\n|switch|p1b: Iron Bundle|Iron Bundle, L50, shiny|100\/100 slp\n|move|p2b: Espathra|Hypnosis|p1a: Flutter Mane\n|-status|p1a: Flutter Mane|slp|[from] move: Hypnosis\n|cant|p1a: Flutter Mane|slp\n|move|p2a: Sandy Shocks|Earth Power|p1b: Iron Bundle\n|-enditem|p1b: Iron Bundle|Focus Sash\n|-damage|p1b: Iron Bundle|1\/100 slp\n|\n|-heal|p2b: Espathra|76\/100|[from] item: Leftovers\n|-ability|p2b: Espathra|Speed Boost|boost\n|-boost|p2b: Espathra|spe|1\n|upkeep\n|turn|7\n|c|\u2606naki2007|cheat\uff1f\n|\n|t:|1683716670\n|move|p2b: Espathra|Lumina Crash|p1a: Flutter Mane\n|-damage|p1a: Flutter Mane|10\/100 slp\n|-unboost|p1a: Flutter Mane|spd|2\n|cant|p1b: Iron Bundle|slp\n|-curestatus|p1a: Flutter Mane|slp|[msg]\n|move|p1a: Flutter Mane|Dazzling Gleam|p2a: Sandy Shocks|[spread] p2a,p2b\n|-damage|p2a: Sandy Shocks|0 fnt\n|-damage|p2b: Espathra|37\/100\n|faint|p2a: Sandy Shocks\n|-end|p2a: Sandy Shocks|Protosynthesis|[silent]\n|\n|-heal|p2b: Espathra|43\/100|[from] item: Leftovers\n|upkeep\n|\n|t:|1683716687\n|switch|p2a: Flutter Mane|Flutter Mane, L50|100\/100\n|turn|8\n|\n|t:|1683716694\n|move|p2b: Espathra|Hypnosis|p1a: Flutter Mane|[miss]\n|-miss|p2b: Espathra|p1a: Flutter Mane\n|cant|p1b: Iron Bundle|slp\n|move|p2a: Flutter Mane|Dazzling Gleam|p1b: Iron Bundle|[spread] p1a,p1b\n|-damage|p1a: Flutter Mane|0 fnt\n|-damage|p1b: Iron Bundle|0 fnt\n|faint|p1a: Flutter Mane\n|-end|p1a: Flutter Mane|Protosynthesis|[silent]\n|faint|p1b: Iron Bundle\n|-end|p1b: Iron Bundle|Quark Drive|[silent]\n|\n|-heal|p2b: Espathra|49\/100|[from] item: Leftovers\n|-sideend|p2: RG3202|move: Light Screen\n|upkeep\n|\n|t:|1683716697\n|switch|p1b: Iron Hands|Iron Hands, L50, shiny|71\/100 slp\n|switch|p1a: Arcanine|Arcanine, L50, M, shiny|100\/100\n|-ability|p1a: Arcanine|Intimidate|boost\n|-unboost|p2a: Flutter Mane|atk|1\n|-unboost|p2b: Espathra|atk|1\n|turn|9\n|inactive|RG3202 has 30 seconds left.\n|\n|t:|1683716729\n|cant|p1b: Iron Hands|slp\n|move|p1a: Arcanine|Extreme Speed|p2b: Espathra\n|-damage|p2b: Espathra|18\/100\n|move|p2b: Espathra|Hypnosis|p1a: Arcanine\n|-status|p1a: Arcanine|slp|[from] move: Hypnosis\n|move|p2a: Flutter Mane|Dazzling Gleam|p1b: Iron Hands|[spread] p1a,p1b\n|-resisted|p1a: Arcanine\n|-supereffective|p1b: Iron Hands\n|-damage|p1a: Arcanine|80\/100 slp\n|-damage|p1b: Iron Hands|13\/100 slp\n|\n|-heal|p2b: Espathra|24\/100|[from] item: Leftovers\n|upkeep\n|turn|10\n|inactive|naki2007 has 30 seconds left.\n|inactive|RG3202 has 30 seconds left.\n|c|\u2606naki2007|how come\n|inactive|naki2007 has 20 seconds left.\n|inactive|RG3202 has 20 seconds left.\n|c|\u2606naki2007|r u cheating\n|inactive|naki2007 has 15 seconds left.\n|inactive|naki2007 has 10 seconds left.\n|\n|t:|1683716778\n|-curestatus|p1b: Iron Hands|slp|[msg]\n|move|p1b: Iron Hands|Detect|p1b: Iron Hands\n|-singleturn|p1b: Iron Hands|Protect\n|move|p2b: Espathra|Lumina Crash|p1a: Arcanine\n|-damage|p1a: Arcanine|42\/100 slp\n|-unboost|p1a: Arcanine|spd|2\n|move|p2a: Flutter Mane|Dazzling Gleam|p1b: Iron Hands|[spread] p1a\n|-activate|p1b: Iron Hands|move: Protect\n|-resisted|p1a: Arcanine\n|-damage|p1a: Arcanine|4\/100 slp\n|cant|p1a: Arcanine|slp\n|\n|-heal|p2b: Espathra|30\/100|[from] item: Leftovers\n|upkeep\n|turn|11\n|c|\u2606RG3202|zzzz this is a rental team\n|\n|t:|1683716801\n|cant|p1a: Arcanine|slp\n|move|p2b: Espathra|Hypnosis|p1b: Iron Hands\n|-status|p1b: Iron Hands|slp|[from] move: Hypnosis\n|move|p2a: Flutter Mane|Dazzling Gleam|p1b: Iron Hands|[spread] p1a,p1b\n|-resisted|p1a: Arcanine\n|-supereffective|p1b: Iron Hands\n|-damage|p1a: Arcanine|0 fnt\n|-damage|p1b: Iron Hands|0 fnt\n|faint|p1a: Arcanine\n|faint|p1b: Iron Hands\n|-end|p1b: Iron Hands|Quark Drive|[silent]\n|\n|win|RG3202\n|raw|naki2007's rating: 1079 → 1054<\/strong> (-25 for losing)\n|raw|RG3202's rating: 1023 → 1065<\/strong> (+42 for winning)\n|c|\u2606RG3202|try it\n|c|\u2606naki2007|hyp is 60 per right\uff1f\n|c|\u2606RG3202|its random\n|c|\u2606RG3202|i dont know\n|c|\u2606RG3202|last game i faileed all my hypno\n|c|\u2606naki2007|i might be just unlucky\n|c|\u2606naki2007|gg\n|c|\u2606RG3202|just this game i guess\n|c|\u2606RG3202|gg\n","uploadtime":1683716860,"views":14,"p1id":"naki2007","p2id":"rg3202","formatid":"gen9vgc2023regulationc","rating":1054,"private":0,"password":""}