{"id":"gen9vgc2023regulationc-1857332642","p1":"Where is Jop","p2":"Willthekid65934","format":"[Gen 9] VGC 2023 Regulation C","log":"|j|\u2606Where is Jop\n|j|\u2606Willthekid65934\n|t:|1683174839\n|gametype|doubles\n|player|p1|Where is Jop|lillie|1040\n|player|p2|Willthekid65934|steven|1151\n|teamsize|p1|6\n|teamsize|p2|6\n|gen|9\n|tier|[Gen 9] VGC 2023 Regulation C\n|rated|\n|rule|Species Clause: Limit one of each Pok\u00e9mon\n|rule|Item Clause: Limit one of each item\n|clearpoke\n|poke|p1|Palafin, L50, F|\n|poke|p1|Flutter Mane, L50|\n|poke|p1|Arcanine, L50, M|\n|poke|p1|Ting-Lu, L50|\n|poke|p1|Amoonguss, L50, F|\n|poke|p1|Kingambit, L50, M|\n|poke|p2|Amoonguss, L50, F|\n|poke|p2|Palafin, L50, M|\n|poke|p2|Arcanine, L50, M|\n|poke|p2|Flutter Mane, L50|\n|poke|p2|Ting-Lu, L50|\n|poke|p2|Dragonite, L50, F|\n|teampreview|4\n|inactive|Battle timer is ON: inactive players will automatically lose when time's up. (requested by Willthekid65934)\n|inactive|Willthekid65934 has 60 seconds left.\n|\n|t:|1683174873\n|start\n|switch|p1a: Kingambit|Kingambit, L50, M, shiny|100\/100\n|switch|p1b: Arcanine|Arcanine, L50, M, shiny|100\/100\n|switch|p2a: All Might|Palafin, L50, M|100\/100\n|switch|p2b: Pass the puff|Amoonguss, L50, F|100\/100\n|-ability|p1b: Arcanine|Intimidate|boost\n|-unboost|p2a: All Might|atk|1\n|-unboost|p2b: Pass the puff|atk|1\n|turn|1\n|\n|t:|1683174893\n|detailschange|p2a: All Might|Palafin-Hero, L50, M\n|switch|p2a: RK9|Arcanine, L50, M|100\/100\n|-ability|p2a: RK9|Intimidate|boost\n|-unboost|p1a: Kingambit|atk|1\n|-ability|p1a: Kingambit|Defiant|boost\n|-boost|p1a: Kingambit|atk|2\n|-unboost|p1b: Arcanine|atk|1\n|move|p2b: Pass the puff|Protect|p2b: Pass the puff\n|-singleturn|p2b: Pass the puff|Protect\n|move|p1b: Arcanine|Howl|p1b: Arcanine|[spread] p1a,p1b\n|-boost|p1a: Kingambit|atk|1\n|-boost|p1b: Arcanine|atk|1\n|move|p1a: Kingambit|Swords Dance|p1a: Kingambit\n|-boost|p1a: Kingambit|atk|2\n|\n|upkeep\n|turn|2\n|\n|t:|1683174916\n|-terastallize|p1a: Kingambit|Dark\n|move|p2a: RK9|Will-O-Wisp|p1a: Kingambit\n|-status|p1a: Kingambit|brn\n|move|p1b: Arcanine|Flare Blitz|p2b: Pass the puff\n|-supereffective|p2b: Pass the puff\n|-damage|p2b: Pass the puff|8\/100\n|-enditem|p2b: Pass the puff|Sitrus Berry|[eat]\n|-heal|p2b: Pass the puff|33\/100|[from] item: Sitrus Berry\n|-damage|p1b: Arcanine|67\/100|[from] Recoil\n|move|p1a: Kingambit|Kowtow Cleave|p2a: RK9\n|-damage|p2a: RK9|0 fnt\n|faint|p2a: RK9\n|move|p2b: Pass the puff|Spore|p1b: Arcanine\n|-activate|p1b: Arcanine|item: Safety Goggles|Spore\n|\n|-damage|p1a: Kingambit|95\/100 brn|[from] brn\n|upkeep\n|inactive|Willthekid65934 has 30 seconds left.\n|inactive|Willthekid65934 has 20 seconds left.\n|inactive|Willthekid65934 has 15 seconds left.\n|inactive|Willthekid65934 has 10 seconds left.\n|\n|t:|1683174961\n|switch|p2a: All Might|Palafin-Hero, L50, M|100\/100\n|-activate|p2a: All Might|ability: Zero to Hero\n|turn|3\n|\n|t:|1683174970\n|switch|p1b: Amoonguss|Amoonguss, L50, F, shiny|100\/100\n|move|p2b: Pass the puff|Protect|p2b: Pass the puff\n|-singleturn|p2b: Pass the puff|Protect\n|move|p2a: All Might|Wave Crash|p1b: Amoonguss\n|-resisted|p1b: Amoonguss\n|-damage|p1b: Amoonguss|59\/100\n|-damage|p2a: All Might|84\/100|[from] item: Rocky Helmet|[of] p1b: Amoonguss\n|-damage|p2a: All Might|69\/100|[from] Recoil\n|move|p1a: Kingambit|Kowtow Cleave|p2a: All Might\n|-damage|p2a: All Might|0 fnt\n|faint|p2a: All Might\n|\n|-damage|p1a: Kingambit|89\/100 brn|[from] brn\n|upkeep\n|\n|t:|1683174989\n|switch|p2a: Dragonite|Dragonite, L50, F|100\/100\n|turn|4\n|\n|t:|1683175013\n|-terastallize|p2a: Dragonite|Flying\n|move|p2b: Pass the puff|Rage Powder|p2b: Pass the puff\n|-singleturn|p2b: Pass the puff|move: Rage Powder\n|move|p2a: Dragonite|Tera Blast|p1b: Amoonguss\n|-supereffective|p1b: Amoonguss\n|-damage|p1b: Amoonguss|0 fnt\n|faint|p1b: Amoonguss\n|move|p1a: Kingambit|Kowtow Cleave|p2b: Pass the puff\n|-damage|p2b: Pass the puff|0 fnt\n|faint|p2b: Pass the puff\n|\n|-damage|p1a: Kingambit|83\/100 brn|[from] brn\n|upkeep\n|\n|t:|1683175024\n|switch|p1b: Arcanine|Arcanine, L50, M, shiny|67\/100\n|-ability|p1b: Arcanine|Intimidate|boost\n|-unboost|p2a: Dragonite|atk|1\n|turn|5\n|\n|t:|1683175037\n|move|p1b: Arcanine|Flare Blitz|p2a: Dragonite\n|-damage|p2a: Dragonite|78\/100\n|-damage|p1b: Arcanine|59\/100|[from] Recoil\n|move|p2a: Dragonite|Tailwind|p2a: Dragonite\n|-sidestart|p2: Willthekid65934|move: Tailwind\n|move|p1a: Kingambit|Kowtow Cleave|p2a: Dragonite\n|-damage|p2a: Dragonite|0 fnt\n|faint|p2a: Dragonite\n|\n|win|Where is Jop\n|raw|Where is Jop's rating: 1040 → 1085<\/strong> (+45 for winning)\n|raw|Willthekid65934's rating: 1151 → 1118<\/strong> (-33 for losing)\n|l|\u2606Willthekid65934\n","uploadtime":1683175052,"views":7,"p1id":"whereisjop","p2id":"willthekid65934","formatid":"gen9vgc2023regulationc","rating":1085,"private":0,"password":""}