{"id":"gen9vgc2023regulationc-1861272420","p1":"jugadorfrustrado","p2":"SeaOfBlueFlowers","format":"[Gen 9] VGC 2023 Regulation C","log":"|j|\u2606jugadorfrustrado\n|j|\u2606SeaOfBlueFlowers\n|t:|1683741380\n|gametype|doubles\n|player|p1|jugadorfrustrado|unknown|1130\n|player|p2|SeaOfBlueFlowers|gentleman|1164\n|teamsize|p1|6\n|teamsize|p2|6\n|gen|9\n|tier|[Gen 9] VGC 2023 Regulation C\n|rated|\n|rule|Species Clause: Limit one of each Pok\u00e9mon\n|rule|Item Clause: Limit one of each item\n|clearpoke\n|poke|p1|Chi-Yu, L50|\n|poke|p1|Palafin, L50, M|\n|poke|p1|Amoonguss, L50, M|\n|poke|p1|Arcanine, L50, M|\n|poke|p1|Flutter Mane, L50|\n|poke|p1|Murkrow, L50, M|\n|poke|p2|Great Tusk, L50|\n|poke|p2|Rabsca, L50, F|\n|poke|p2|Torkoal, L50, M|\n|poke|p2|Annihilape, L50, M|\n|poke|p2|Amoonguss, L50, M|\n|poke|p2|Flutter Mane, L50|\n|teampreview|4\n|\n|t:|1683741463\n|start\n|switch|p1a: Palafin|Palafin, L50, M|100\/100\n|switch|p1b: Chi-Yu|Chi-Yu, L50|100\/100\n|switch|p2a: Flutter Mane|Flutter Mane, L50|100\/100\n|switch|p2b: Amoonguss|Amoonguss, L50, M|100\/100\n|-ability|p1b: Chi-Yu|Beads of Ruin\n|turn|1\n|\n|t:|1683741482\n|detailschange|p1a: Palafin|Palafin-Hero, L50, M\n|switch|p1a: Amoonguss|Amoonguss, L50, M|100\/100\n|move|p2b: Amoonguss|Rage Powder|p2b: Amoonguss\n|-singleturn|p2b: Amoonguss|move: Rage Powder\n|move|p1b: Chi-Yu|Heat Wave|p2a: Flutter Mane|[spread] p2a,p2b\n|-supereffective|p2b: Amoonguss\n|-damage|p2a: Flutter Mane|57\/100\n|-damage|p2b: Amoonguss|30\/100\n|move|p2a: Flutter Mane|Trick Room|p2a: Flutter Mane\n|-fieldstart|move: Trick Room|[of] p2a: Flutter Mane\n|\n|upkeep\n|turn|2\n|l|\u2606SeaOfBlueFlowers\n|player|p2|\n|j|\u2606SeaOfBlueFlowers\n|player|p2|SeaOfBlueFlowers|gentleman\n|\n|t:|1683741539\n|switch|p1b: Arcanine|Arcanine, L50, M|100\/100\n|-ability|p1b: Arcanine|Intimidate|boost\n|-unboost|p2a: Flutter Mane|atk|1\n|-unboost|p2b: Amoonguss|atk|1\n|-enditem|p2b: Amoonguss|Eject Pack\n|\n|t:|1683741544\n|switch|p2b: Torkoal|Torkoal, L50, M|100\/100\n|-weather|SunnyDay|[from] ability: Drought|[of] p2b: Torkoal\n|-activate|p2a: Flutter Mane|ability: Protosynthesis\n|-start|p2a: Flutter Mane|protosynthesisspa\n|move|p2a: Flutter Mane|Protect|p2a: Flutter Mane\n|-singleturn|p2a: Flutter Mane|Protect\n|move|p1a: Amoonguss|Spore|p2a: Flutter Mane\n|-activate|p2a: Flutter Mane|move: Protect\n|\n|-weather|SunnyDay|[upkeep]\n|upkeep\n|turn|3\n|\n|t:|1683741576\n|-terastallize|p2b: Torkoal|Fire\n|-terastallize|p1a: Amoonguss|Water\n|move|p2a: Flutter Mane|Helping Hand|p2b: Torkoal\n|-singleturn|p2b: Torkoal|Helping Hand|[of] p2a: Flutter Mane\n|move|p1b: Arcanine|Protect|p1b: Arcanine\n|-singleturn|p1b: Arcanine|Protect\n|move|p2b: Torkoal|Eruption|p1a: Amoonguss|[spread] p1a\n|-activate|p1b: Arcanine|move: Protect\n|-resisted|p1a: Amoonguss\n|-damage|p1a: Amoonguss|11\/100\n|-enditem|p1a: Amoonguss|Sitrus Berry|[eat]\n|-heal|p1a: Amoonguss|36\/100|[from] item: Sitrus Berry\n|move|p1a: Amoonguss|Spore|p2b: Torkoal\n|-status|p2b: Torkoal|slp|[from] move: Spore\n|\n|-weather|SunnyDay|[upkeep]\n|upkeep\n|turn|4\n|\n|t:|1683741601\n|switch|p2b: Amoonguss|Amoonguss, L50, M|63\/100\n|switch|p1b: Palafin|Palafin-Hero, L50, M|100\/100\n|-activate|p1b: Palafin|ability: Zero to Hero\n|move|p1a: Amoonguss|Spore|p2a: Flutter Mane\n|-status|p2a: Flutter Mane|slp|[from] move: Spore\n|cant|p2a: Flutter Mane|slp\n|\n|-weather|SunnyDay|[upkeep]\n|upkeep\n|turn|5\n|\n|t:|1683741636\n|switch|p1b: Arcanine|Arcanine, L50, M|100\/100\n|-ability|p1b: Arcanine|Intimidate|boost\n|-unboost|p2a: Flutter Mane|atk|1\n|-unboost|p2b: Amoonguss|atk|1\n|move|p1a: Amoonguss|Protect|p1a: Amoonguss\n|-singleturn|p1a: Amoonguss|Protect\n|-curestatus|p2a: Flutter Mane|slp|[msg]\n|move|p2a: Flutter Mane|Protect|p2a: Flutter Mane\n|-singleturn|p2a: Flutter Mane|Protect\n|move|p2b: Amoonguss|Spore|p1b: Arcanine\n|-activate|p1b: Arcanine|item: Safety Goggles|Spore\n|\n|-weather|SunnyDay|[upkeep]\n|-fieldend|move: Trick Room\n|upkeep\n|turn|6\n|\n|t:|1683741687\n|move|p1a: Amoonguss|Rage Powder|p1a: Amoonguss\n|-singleturn|p1a: Amoonguss|move: Rage Powder\n|move|p1b: Arcanine|Flare Blitz|p2a: Flutter Mane\n|-damage|p2a: Flutter Mane|0 fnt\n|faint|p2a: Flutter Mane\n|-end|p2a: Flutter Mane|Protosynthesis|[silent]\n|-damage|p1b: Arcanine|85\/100|[from] Recoil\n|move|p2b: Amoonguss|Spore|p1a: Amoonguss\n|-status|p1a: Amoonguss|slp|[from] move: Spore\n|\n|-weather|none\n|upkeep\n|\n|t:|1683741695\n|switch|p2a: Great Tusk|Great Tusk, L50|100\/100\n|turn|7\n|\n|t:|1683741741\n|move|p1b: Arcanine|Protect|p1b: Arcanine\n|-singleturn|p1b: Arcanine|Protect\n|move|p2b: Amoonguss|Rage Powder|p2b: Amoonguss\n|-singleturn|p2b: Amoonguss|move: Rage Powder\n|move|p2a: Great Tusk|Earthquake|p1a: Amoonguss|[spread] p2b,p1a\n|-activate|p1b: Arcanine|move: Protect\n|-damage|p2b: Amoonguss|0 fnt\n|-damage|p1a: Amoonguss|0 fnt\n|faint|p2b: Amoonguss\n|faint|p1a: Amoonguss\n|\n|upkeep\n|\n|t:|1683741778\n|switch|p1a: Chi-Yu|Chi-Yu, L50|100\/100\n|switch|p2b: Torkoal|Torkoal, L50, M, tera:Fire|100\/100 slp\n|-ability|p1a: Chi-Yu|Beads of Ruin\n|-weather|SunnyDay|[from] ability: Drought|[of] p2b: Torkoal\n|-activate|p2a: Great Tusk|ability: Protosynthesis\n|-start|p2a: Great Tusk|protosynthesisatk\n|turn|8\n|\n|t:|1683741795\n|move|p1a: Chi-Yu|Dark Pulse|p2b: Torkoal\n|-damage|p2b: Torkoal|11\/100 slp\n|move|p1b: Arcanine|Will-O-Wisp|p2a: Great Tusk\n|-status|p2a: Great Tusk|brn\n|move|p2a: Great Tusk|Earthquake|p1b: Arcanine|[spread] p2b,p1a,p1b\n|-supereffective|p2b: Torkoal\n|-supereffective|p1a: Chi-Yu\n|-supereffective|p1b: Arcanine\n|-damage|p2b: Torkoal|0 fnt\n|-damage|p1a: Chi-Yu|0 fnt\n|-damage|p1b: Arcanine|0 fnt\n|faint|p2b: Torkoal\n|faint|p1a: Chi-Yu\n|faint|p1b: Arcanine\n|\n|-weather|SunnyDay|[upkeep]\n|-damage|p2a: Great Tusk|94\/100 brn|[from] brn\n|upkeep\n|\n|t:|1683741810\n|switch|p1b: Palafin|Palafin-Hero, L50, M|100\/100\n|turn|9\n|\n|t:|1683741817\n|move|p1b: Palafin|Protect|p1b: Palafin\n|-singleturn|p1b: Palafin|Protect\n|move|p2a: Great Tusk|Earthquake|p1b: Palafin\n|-activate|p1b: Palafin|move: Protect\n|\n|-weather|SunnyDay|[upkeep]\n|-damage|p2a: Great Tusk|88\/100 brn|[from] brn\n|upkeep\n|turn|10\n|\n|t:|1683741834\n|move|p1b: Palafin|Wave Crash|p2a: Great Tusk\n|-supereffective|p2a: Great Tusk\n|-damage|p2a: Great Tusk|19\/100 brn\n|-damage|p1b: Palafin|73\/100|[from] Recoil\n|move|p2a: Great Tusk|Earthquake|p1b: Palafin\n|-damage|p1b: Palafin|13\/100\n|\n|-weather|SunnyDay|[upkeep]\n|-damage|p2a: Great Tusk|13\/100 brn|[from] brn\n|upkeep\n|turn|11\n|c|\u2606SeaOfBlueFlowers|Gg\n|\n|t:|1683741843\n|move|p1b: Palafin|Jet Punch|p2a: Great Tusk\n|-supereffective|p2a: Great Tusk\n|-damage|p2a: Great Tusk|0 fnt\n|faint|p2a: Great Tusk\n|-end|p2a: Great Tusk|Protosynthesis|[silent]\n|\n|win|jugadorfrustrado\n|raw|jugadorfrustrado's rating: 1130 → 1157<\/strong> (+27 for winning)\n|raw|SeaOfBlueFlowers's rating: 1164 → 1137<\/strong> (-27 for losing)\n|l|\u2606SeaOfBlueFlowers\n","uploadtime":1683741858,"views":12,"p1id":"jugadorfrustrado","p2id":"seaofblueflowers","formatid":"gen9vgc2023regulationc","rating":1137,"private":0,"password":""}