{"id":"gen9vgc2023regulationc-1858928792","p1":"Tamejo","p2":"peppeld","format":"[Gen 9] VGC 2023 Regulation C","log":"|j|\u2606Tamejo\n|j|\u2606peppeld\n|t:|1683384565\n|gametype|doubles\n|player|p1|Tamejo|rood|\n|player|p2|peppeld|2|\n|teamsize|p1|6\n|teamsize|p2|6\n|gen|9\n|tier|[Gen 9] VGC 2023 Regulation C\n|rule|Species Clause: Limit one of each Pok\u00e9mon\n|rule|Item Clause: Limit one of each item\n|clearpoke\n|poke|p1|Murkrow, L50, F|\n|poke|p1|Great Tusk, L50|\n|poke|p1|Iron Bundle, L50|\n|poke|p1|Chi-Yu, L50|\n|poke|p1|Iron Hands, L50|\n|poke|p1|Amoonguss, L50, M|\n|poke|p2|Maushold-Four, L50|\n|poke|p2|Annihilape, L50, M|\n|poke|p2|Arcanine, L50, M|\n|poke|p2|Ting-Lu, L50|\n|poke|p2|Iron Bundle, L50|\n|poke|p2|Flutter Mane, L50|\n|teampreview|4\npeppeld has agreed to open team sheets.\nTamejo has agreed to open team sheets.\n|c|\u2606Tamejo|G1\n|\n|t:|1683384788\n|start\n|switch|p1a: Iron Bundle|Iron Bundle, L50|100\/100\n|switch|p1b: Chi-Yu|Chi-Yu, L50|100\/100\n|switch|p2a: Annihilape|Annihilape, L50, M, shiny|100\/100\n|switch|p2b: Arcanine|Arcanine, L50, M|100\/100\n|-ability|p1b: Chi-Yu|Beads of Ruin\n|-ability|p2b: Arcanine|Intimidate|boost\n|-unboost|p1a: Iron Bundle|atk|1\n|-unboost|p1b: Chi-Yu|atk|1\n|-enditem|p1a: Iron Bundle|Booster Energy\n|-activate|p1a: Iron Bundle|ability: Quark Drive|[fromitem]\n|-start|p1a: Iron Bundle|quarkdrivespe\n|turn|1\n|\n|t:|1683384892\n|-terastallize|p1b: Chi-Yu|Water\n|move|p2b: Arcanine|Protect|p2b: Arcanine\n|-singleturn|p2b: Arcanine|Protect\n|move|p1a: Iron Bundle|Freeze-Dry|p2a: Annihilape\n|-damage|p2a: Annihilape|62\/100\n|move|p1b: Chi-Yu|Heat Wave|p2b: Arcanine|[spread] \n|-activate|p2b: Arcanine|move: Protect\n|-miss|p1b: Chi-Yu|p2a: Annihilape\n|move|p2a: Annihilape|Drain Punch|p1b: Chi-Yu\n|-damage|p1b: Chi-Yu|45\/100\n|-heal|p2a: Annihilape|79\/100|[from] drain|[of] p1b: Chi-Yu\n|\n|-heal|p2a: Annihilape|85\/100|[from] item: Leftovers\n|upkeep\n|turn|2\n|\n|t:|1683384943\n|move|p2b: Arcanine|Extreme Speed|p1b: Chi-Yu\n|-damage|p1b: Chi-Yu|7\/100\n|move|p1a: Iron Bundle|Hydro Pump|p2b: Arcanine\n|-supereffective|p2b: Arcanine\n|-damage|p2b: Arcanine|0 fnt\n|faint|p2b: Arcanine\n|move|p1b: Chi-Yu|Heat Wave|p2a: Annihilape\n|-damage|p2a: Annihilape|1\/100\n|-status|p2a: Annihilape|brn\n|move|p2a: Annihilape|Bulk Up|p2a: Annihilape\n|-boost|p2a: Annihilape|atk|1\n|-boost|p2a: Annihilape|def|1\n|\n|-heal|p2a: Annihilape|7\/100 brn|[from] item: Leftovers\n|-damage|p2a: Annihilape|1\/100 brn|[from] brn\n|upkeep\n|\n|t:|1683384971\n|switch|p2b: Iron Bundle|Iron Bundle, L50, shiny|100\/100\n|-enditem|p2b: Iron Bundle|Booster Energy\n|-activate|p2b: Iron Bundle|ability: Quark Drive|[fromitem]\n|-start|p2b: Iron Bundle|quarkdrivespe\n|turn|3\n|\n|t:|1683384998\n|switch|p1b: Amoonguss|Amoonguss, L50, M|100\/100\n|move|p1a: Iron Bundle|Icy Wind|p2b: Iron Bundle|[spread] p2a,p2b\n|-resisted|p2b: Iron Bundle\n|-damage|p2a: Annihilape|0 fnt\n|-damage|p2b: Iron Bundle|91\/100\n|-unboost|p2b: Iron Bundle|spe|1\n|faint|p2a: Annihilape\n|move|p2b: Iron Bundle|Icy Wind|p1b: Amoonguss|[spread] p1a,p1b\n|-resisted|p1a: Iron Bundle\n|-supereffective|p1b: Amoonguss\n|-damage|p1a: Iron Bundle|91\/100\n|-damage|p1b: Amoonguss|67\/100\n|-unboost|p1a: Iron Bundle|spe|1\n|-unboost|p1b: Amoonguss|spe|1\n|\n|upkeep\n|\n|t:|1683385008\n|switch|p2a: Flutter Mane|Flutter Mane, L50|100\/100\n|turn|4\n|\n|t:|1683385040\n|-terastallize|p2a: Flutter Mane|Fairy\n|move|p2b: Iron Bundle|Freeze-Dry|p1b: Amoonguss\n|-supereffective|p1b: Amoonguss\n|-damage|p1b: Amoonguss|3\/100\n|-enditem|p1b: Amoonguss|Sitrus Berry|[eat]\n|-heal|p1b: Amoonguss|28\/100|[from] item: Sitrus Berry\n|move|p1a: Iron Bundle|Icy Wind|p2a: Flutter Mane|[spread] p2a\n|-miss|p1a: Iron Bundle|p2b: Iron Bundle\n|-damage|p2a: Flutter Mane|81\/100\n|-unboost|p2a: Flutter Mane|spe|1\n|move|p2a: Flutter Mane|Dazzling Gleam|p1b: Amoonguss|[spread] p1a,p1b\n|-resisted|p1b: Amoonguss\n|-damage|p1a: Iron Bundle|0 fnt\n|-damage|p1b: Amoonguss|0 fnt\n|faint|p1a: Iron Bundle\n|-end|p1a: Iron Bundle|Quark Drive|[silent]\n|faint|p1b: Amoonguss\n|\n|upkeep\n|\n|t:|1683385058\n|switch|p1a: Great Tusk|Great Tusk, L50|100\/100\n|switch|p1b: Chi-Yu|Chi-Yu, L50, tera:Water|7\/100\n|-ability|p1b: Chi-Yu|Beads of Ruin\n|turn|5\n|\n|t:|1683385074\n|move|p2b: Iron Bundle|Protect|p2b: Iron Bundle\n|-singleturn|p2b: Iron Bundle|Protect\n|move|p1b: Chi-Yu|Heat Wave|p2b: Iron Bundle|[spread] p2a\n|-activate|p2b: Iron Bundle|move: Protect\n|-damage|p2a: Flutter Mane|8\/100\n|-status|p2a: Flutter Mane|brn\n|move|p1a: Great Tusk|Rock Slide|p2a: Flutter Mane|[spread] p2a\n|-activate|p2b: Iron Bundle|move: Protect\n|-damage|p2a: Flutter Mane|0 fnt\n|faint|p2a: Flutter Mane\n|-end|p2a: Flutter Mane|Protosynthesis|[silent]\n|\n|upkeep\n|turn|6\n|\n|t:|1683385097\n|move|p2b: Iron Bundle|Icy Wind|p1a: Great Tusk|[spread] p1a,p1b\n|-supereffective|p1a: Great Tusk\n|-resisted|p1b: Chi-Yu\n|-damage|p1a: Great Tusk|12\/100\n|-damage|p1b: Chi-Yu|0 fnt\n|-unboost|p1a: Great Tusk|spe|1\n|faint|p1b: Chi-Yu\n|move|p1a: Great Tusk|Close Combat|p2b: Iron Bundle\n|-supereffective|p2b: Iron Bundle\n|-damage|p2b: Iron Bundle|0 fnt\n|-unboost|p1a: Great Tusk|def|1\n|-unboost|p1a: Great Tusk|spd|1\n|faint|p2b: Iron Bundle\n|-end|p2b: Iron Bundle|Quark Drive|[silent]\n|\n|win|Tamejo\n|c|\u2606Tamejo|Gg\n|c|\u2606peppeld|gg\n|l|\u2606peppeld\n|j| lucarioex555\n|l| lucarioex555\n","uploadtime":1683386492,"views":4,"p1id":"tamejo","p2id":"peppeld","formatid":"gen9vgc2023regulationc","rating":0,"private":0,"password":""}