{"id":"gen9vgc2023regulationc-1857018628","p1":"cyborgdyL","p2":"Arcacagne","format":"[Gen 9] VGC 2023 Regulation C","log":"|j|\u2606cyborgdyL\n|j|\u2606Arcacagne\n|t:|1683137317\n|gametype|doubles\n|player|p1|cyborgdyL|1|1253\n|player|p2|Arcacagne|265|1225\n|teamsize|p1|6\n|teamsize|p2|6\n|gen|9\n|tier|[Gen 9] VGC 2023 Regulation C\n|rated|\n|rule|Species Clause: Limit one of each Pok\u00e9mon\n|rule|Item Clause: Limit one of each item\n|clearpoke\n|poke|p1|Gholdengo, L50|\n|poke|p1|Flutter Mane, L50|\n|poke|p1|Great Tusk, L50|\n|poke|p1|Chien-Pao, L50|\n|poke|p1|Tatsugiri, L50, M|\n|poke|p1|Dondozo, L50, F|\n|poke|p2|Chi-Yu, L50|\n|poke|p2|Flutter Mane, L50|\n|poke|p2|Amoonguss, L50, F|\n|poke|p2|Palafin, L50, M|\n|poke|p2|Kingambit, L50, F|\n|poke|p2|Arcanine, L50, M|\n|teampreview|4\ncyborgdyL has agreed to open team sheets.\n|inactive|Battle timer is ON: inactive players will automatically lose when time's up. (requested by cyborgdyL)\n|\n|t:|1683137389\n|start\n|switch|p1a: Dondozo|Dondozo, L50, F|100\/100\n|switch|p1b: Flutter Mane|Flutter Mane, L50|100\/100\n|switch|p2a: Kingambit|Kingambit, L50, F|100\/100\n|switch|p2b: Palafin|Palafin, L50, M|100\/100\n|turn|1\n|inactive|Arcacagne has 30 seconds left.\n|\n|t:|1683137420\n|detailschange|p2b: Palafin|Palafin-Hero, L50, M\n|switch|p2b: Amoonguss|Amoonguss, L50, F|100\/100\n|-terastallize|p1b: Flutter Mane|Fire\n|move|p1a: Dondozo|Protect|p1a: Dondozo\n|-singleturn|p1a: Dondozo|Protect\n|move|p1b: Flutter Mane|Mystical Fire|p2a: Kingambit\n|-supereffective|p2a: Kingambit\n|-damage|p2a: Kingambit|40\/100\n|-unboost|p2a: Kingambit|spa|1\n|-ability|p2a: Kingambit|Defiant|boost\n|-boost|p2a: Kingambit|atk|2\n|move|p2a: Kingambit|Swords Dance|p2a: Kingambit\n|-boost|p2a: Kingambit|atk|2\n|\n|upkeep\n|turn|2\n|inactive|Arcacagne has 30 seconds left.\n|\n|t:|1683137446\n|-terastallize|p2a: Kingambit|Water\n|move|p2a: Kingambit|Sucker Punch|p1b: Flutter Mane\n|-damage|p1b: Flutter Mane|0 fnt\n|faint|p1b: Flutter Mane\n|-end|p1b: Flutter Mane|Protosynthesis|[silent]\n|move|p1a: Dondozo|Earthquake|p2a: Kingambit|[spread] p2a,p2b\n|-damage|p2a: Kingambit|22\/100\n|-damage|p2b: Amoonguss|84\/100\n|move|p2b: Amoonguss|Spore|p1a: Dondozo\n|-status|p1a: Dondozo|slp|[from] move: Spore\n|\n|upkeep\n|\n|t:|1683137458\n|switch|p1b: Chien-Pao|Chien-Pao, L50|100\/100\n|-ability|p1b: Chien-Pao|Sword of Ruin\n|turn|3\n|inactive|Arcacagne has 30 seconds left.\n|\n|t:|1683137484\n|switch|p2b: Arcanine|Arcanine, L50, M|100\/100\n|-ability|p2b: Arcanine|Intimidate|boost\n|-unboost|p1a: Dondozo|atk|1\n|-unboost|p1b: Chien-Pao|atk|1\n|cant|p1a: Dondozo|slp\n|move|p2a: Kingambit|Sucker Punch|p1b: Chien-Pao\n|-resisted|p1b: Chien-Pao\n|-damage|p1b: Chien-Pao|25\/100\n|move|p1b: Chien-Pao|Throat Chop|p2a: Kingambit\n|-damage|p2a: Kingambit|0 fnt\n|faint|p2a: Kingambit\n|\n|upkeep\n|\n|t:|1683137497\n|switch|p2a: Palafin|Palafin-Hero, L50, M|100\/100\n|-activate|p2a: Palafin|ability: Zero to Hero\n|turn|4\n|\n|t:|1683137508\n|switch|p1a: Tatsugiri|Tatsugiri, L50, M|100\/100\n|move|p1b: Chien-Pao|Protect|p1b: Chien-Pao\n|-singleturn|p1b: Chien-Pao|Protect\n|move|p2b: Arcanine|Extreme Speed|p1b: Chien-Pao\n|-activate|p1b: Chien-Pao|move: Protect\n|move|p2a: Palafin|Jet Punch|p1a: Tatsugiri\n|-resisted|p1a: Tatsugiri\n|-damage|p1a: Tatsugiri|82\/100\n|-damage|p2a: Palafin|84\/100|[from] item: Rocky Helmet|[of] p1a: Tatsugiri\n|\n|upkeep\n|turn|5\n|inactive|cyborgdyL has 30 seconds left.\n|\n|t:|1683137542\n|switch|p2a: Amoonguss|Amoonguss, L50, F|100\/100\n|move|p1b: Chien-Pao|Protect||[still]\n|-fail|p1b: Chien-Pao\n|move|p2b: Arcanine|Extreme Speed|p1b: Chien-Pao\n|-damage|p1b: Chien-Pao|0 fnt\n|faint|p1b: Chien-Pao\n|move|p1a: Tatsugiri|Muddy Water|p2b: Arcanine|[spread] p2b\n|-miss|p1a: Tatsugiri|p2a: Amoonguss\n|-supereffective|p2b: Arcanine\n|-damage|p2b: Arcanine|45\/100\n|-unboost|p2b: Arcanine|accuracy|1\n|\n|upkeep\n|\n|t:|1683137554\n|switch|p1b: Dondozo|Dondozo, L50, F|100\/100 slp\n|-activate|p1a: Tatsugiri|ability: Commander|[of] p1b: Dondozo\n|-boost|p1b: Dondozo|atk|2\n|-boost|p1b: Dondozo|spa|2\n|-boost|p1b: Dondozo|spe|2\n|-boost|p1b: Dondozo|def|2\n|-boost|p1b: Dondozo|spd|2\n|turn|6\n|\n|t:|1683137566\n|switch|p2b: Palafin|Palafin-Hero, L50, M|84\/100\n|cant|p1b: Dondozo|slp\n|move|p2a: Amoonguss|Spore|p1b: Dondozo\n|-fail|p1b: Dondozo|slp\n|\n|upkeep\n|turn|7\n|\n|t:|1683137579\n|cant|p1b: Dondozo|slp\n|move|p2b: Palafin|Haze|p2b: Palafin\n|-clearallboost\n|move|p2a: Amoonguss|Spore|p1b: Dondozo\n|-fail|p1b: Dondozo|slp\n|\n|upkeep\n|turn|8\n|c|\u2606cyborgdyL|STOP ITS ANOING\n|\n|t:|1683137604\n|-curestatus|p1b: Dondozo|slp|[msg]\n|move|p1b: Dondozo|Protect|p1b: Dondozo\n|-singleturn|p1b: Dondozo|Protect\n|move|p2b: Palafin|Jet Punch|p1b: Dondozo\n|-activate|p1b: Dondozo|move: Protect\n|move|p2a: Amoonguss|Spore|p1b: Dondozo\n|-activate|p1b: Dondozo|move: Protect\n|\n|upkeep\n|turn|9\n|c|\u2606Arcacagne|forfeit\n|\n|t:|1683137618\n|move|p2b: Palafin|Jet Punch|p1b: Dondozo\n|-resisted|p1b: Dondozo\n|-damage|p1b: Dondozo|84\/100\n|move|p1b: Dondozo|Earthquake|p2b: Palafin|[spread] p2a,p2b\n|-miss|p1b: Dondozo|p1a: Tatsugiri\n|-damage|p2a: Amoonguss|82\/100\n|-damage|p2b: Palafin|63\/100\n|move|p2a: Amoonguss|Spore|p1b: Dondozo\n|-status|p1b: Dondozo|slp|[from] move: Spore\n|\n|-heal|p1b: Dondozo|90\/100 slp|[from] item: Leftovers\n|upkeep\n|turn|10\n|c|\u2606cyborgdyL|NO\n|\n|t:|1683137641\n|move|p2b: Palafin|Wave Crash|p1b: Dondozo\n|-resisted|p1b: Dondozo\n|-damage|p1b: Dondozo|58\/100 slp\n|-damage|p2b: Palafin|49\/100|[from] Recoil\n|cant|p1b: Dondozo|slp\n|move|p2a: Amoonguss|Pollen Puff|p2b: Palafin\n|-heal|p2b: Palafin|99\/100\n|\n|-heal|p1b: Dondozo|64\/100 slp|[from] item: Leftovers\n|upkeep\n|turn|11\n|c|\u2606Arcacagne|so shut up\n|inactive|Arcacagne has 30 seconds left.\n|\n|t:|1683137674\n|switch|p2b: Arcanine|Arcanine, L50, M|45\/100\n|-ability|p2b: Arcanine|Intimidate|boost\n|-unboost|p1a: Tatsugiri|atk|1\n|-unboost|p1b: Dondozo|atk|1\n|cant|p1b: Dondozo|slp\n|move|p2a: Amoonguss|Spore|p1b: Dondozo\n|-fail|p1b: Dondozo|slp\n|\n|-heal|p1b: Dondozo|70\/100 slp|[from] item: Leftovers\n|upkeep\n|turn|12\n|\n|t:|1683137692\n|-curestatus|p1b: Dondozo|slp|[msg]\n|move|p1b: Dondozo|Protect|p1b: Dondozo\n|-singleturn|p1b: Dondozo|Protect\n|move|p2b: Arcanine|Extreme Speed|p1b: Dondozo\n|-activate|p1b: Dondozo|move: Protect\n|move|p2a: Amoonguss|Pollen Puff|p2b: Arcanine\n|-heal|p2b: Arcanine|94\/100\n|\n|-heal|p1b: Dondozo|76\/100|[from] item: Leftovers\n|upkeep\n|turn|13\n|\n|t:|1683137707\n|switch|p2b: Palafin|Palafin-Hero, L50, M|99\/100\n|move|p1b: Dondozo|Substitute|p1b: Dondozo\n|-start|p1b: Dondozo|Substitute\n|-damage|p1b: Dondozo|52\/100\n|move|p2a: Amoonguss|Spore||[still]\n|-fail|p2a: Amoonguss\n|\n|-heal|p1b: Dondozo|58\/100|[from] item: Leftovers\n|upkeep\n|turn|14\n|\n|t:|1683137718\n|move|p1b: Dondozo|Protect|p1b: Dondozo\n|-singleturn|p1b: Dondozo|Protect\n|move|p2b: Palafin|Wave Crash|p1b: Dondozo\n|-activate|p1b: Dondozo|move: Protect\n|move|p2a: Amoonguss|Spore|p1b: Dondozo\n|-activate|p1b: Dondozo|move: Protect\n|\n|-heal|p1b: Dondozo|64\/100|[from] item: Leftovers\n|upkeep\n|turn|15\n|\n|t:|1683137732\n|move|p1b: Dondozo|Protect||[still]\n|-fail|p1b: Dondozo\n|move|p2b: Palafin|Wave Crash|p1b: Dondozo\n|-resisted|p1b: Dondozo\n|-end|p1b: Dondozo|Substitute\n|-damage|p2b: Palafin|89\/100|[from] Recoil|[of] p1b: Dondozo\n|move|p2a: Amoonguss|Spore|p1b: Dondozo\n|-status|p1b: Dondozo|slp|[from] move: Spore\n|\n|-heal|p1b: Dondozo|70\/100 slp|[from] item: Leftovers\n|upkeep\n|turn|16\n|\n|t:|1683137746\n|cant|p1b: Dondozo|slp\n|move|p2b: Palafin|Wave Crash|p1b: Dondozo\n|-resisted|p1b: Dondozo\n|-damage|p1b: Dondozo|36\/100 slp\n|-damage|p2b: Palafin|75\/100|[from] Recoil\n|move|p2a: Amoonguss|Pollen Puff|p2b: Palafin\n|-heal|p2b: Palafin|100\/100\n|\n|-heal|p1b: Dondozo|43\/100 slp|[from] item: Leftovers\n|upkeep\n|turn|17\n|\n|t:|1683137762\n|cant|p1b: Dondozo|slp\n|move|p2b: Palafin|Wave Crash|p1b: Dondozo\n|-resisted|p1b: Dondozo\n|-damage|p1b: Dondozo|11\/100 slp\n|-damage|p2b: Palafin|87\/100|[from] Recoil\n|move|p2a: Amoonguss|Pollen Puff|p1b: Dondozo\n|-damage|p1b: Dondozo|0 fnt\n|faint|p1b: Dondozo\n|\n|upkeep\n|turn|18\n|\n|t:|1683137778\n|switch|p2b: Arcanine|Arcanine, L50, M|94\/100\n|-ability|p2b: Arcanine|Intimidate|boost\n|-unboost|p1a: Tatsugiri|atk|1\n|move|p1a: Tatsugiri|Protect|p1a: Tatsugiri\n|-singleturn|p1a: Tatsugiri|Protect\n|move|p2a: Amoonguss|Spore|p1a: Tatsugiri\n|-activate|p1a: Tatsugiri|move: Protect\n|\n|upkeep\n|turn|19\n|\n|t:|1683137793\n|move|p1a: Tatsugiri|Protect|p1a: Tatsugiri\n|-singleturn|p1a: Tatsugiri|Protect\n|move|p2b: Arcanine|Extreme Speed|p1a: Tatsugiri\n|-activate|p1a: Tatsugiri|move: Protect\n|move|p2a: Amoonguss|Spore|p1a: Tatsugiri\n|-activate|p1a: Tatsugiri|move: Protect\n|\n|upkeep\n|turn|20\n|c|\u2606Arcacagne|i am annoying? lol\n|\n|t:|1683137812\n|move|p2b: Arcanine|Extreme Speed|p1a: Tatsugiri\n|-damage|p1a: Tatsugiri|61\/100\n|-damage|p2b: Arcanine|78\/100|[from] item: Rocky Helmet|[of] p1a: Tatsugiri\n|move|p1a: Tatsugiri|Muddy Water|p2b: Arcanine|[spread] p2a,p2b\n|-resisted|p2a: Amoonguss\n|-supereffective|p2b: Arcanine\n|-damage|p2a: Amoonguss|70\/100\n|-damage|p2b: Arcanine|28\/100\n|move|p2a: Amoonguss|Spore|p1a: Tatsugiri\n|-status|p1a: Tatsugiri|slp|[from] move: Spore\n|\n|upkeep\n|turn|21\n|\n|t:|1683137828\n|move|p2b: Arcanine|Extreme Speed|p1a: Tatsugiri\n|-crit|p1a: Tatsugiri\n|-damage|p1a: Tatsugiri|28\/100 slp\n|-damage|p2b: Arcanine|12\/100|[from] item: Rocky Helmet|[of] p1a: Tatsugiri\n|-enditem|p2b: Arcanine|Aguav Berry|[eat]\n|-heal|p2b: Arcanine|45\/100|[from] item: Aguav Berry\n|cant|p1a: Tatsugiri|slp\n|move|p2a: Amoonguss|Pollen Puff|p2b: Arcanine\n|-heal|p2b: Arcanine|95\/100\n|\n|upkeep\n|turn|22\n|\n|t:|1683137844\n|cant|p1a: Tatsugiri|slp\n|move|p2b: Arcanine|Extreme Speed|p1a: Tatsugiri\n|-crit|p1a: Tatsugiri\n|-damage|p1a: Tatsugiri|0 fnt\n|-damage|p2b: Arcanine|79\/100|[from] item: Rocky Helmet|[of] p1a: Tatsugiri\n|faint|p1a: Tatsugiri\n|\n|win|Arcacagne\n|raw|cyborgdyL's rating: 1253 → 1226<\/strong> (-27 for losing)\n|raw|Arcacagne's rating: 1225 → 1252<\/strong> (+27 for winning)\n|c|\u2606cyborgdyL|GG\n|l|\u2606cyborgdyL\n","uploadtime":1683137864,"views":25,"p1id":"cyborgdyl","p2id":"arcacagne","formatid":"gen9vgc2023regulationc","rating":1226,"private":0,"password":""}