{"id":"gen9vgc2023regulationc-1848211716","p1":"Erick2803u","p2":"GarishSpace","format":"[Gen 9] VGC 2023 Regulation C","log":"|j|\u2606Erick2803u\n|j|\u2606GarishSpace\n|t:|1682043064\n|gametype|doubles\n|player|p1|Erick2803u|veteranf|\n|player|p2|GarishSpace|1|\n|teamsize|p1|6\n|teamsize|p2|6\n|gen|9\n|tier|[Gen 9] VGC 2023 Regulation C\n|rule|Species Clause: Limit one of each Pok\u00e9mon\n|rule|Item Clause: Limit one of each item\n|clearpoke\n|poke|p1|Ting-Lu, L50|\n|poke|p1|Flutter Mane, L50|\n|poke|p1|Amoonguss, L50, M|\n|poke|p1|Palafin, L50, M|\n|poke|p1|Baxcalibur, L50, M|\n|poke|p1|Arcanine, L50, M|\n|poke|p2|Flutter Mane, L50|\n|poke|p2|Chi-Yu, L50|\n|poke|p2|Amoonguss, L50, F|\n|poke|p2|Palafin, L50, F|\n|poke|p2|Chien-Pao, L50|\n|poke|p2|Dragonite, L50, F|\n|teampreview|4\nGarishSpace has agreed to open team sheets.\nErick2803u has agreed to open team sheets.\n|\n|t:|1682043161\n|start\n|switch|p1a: Flutter Mane|Flutter Mane, L50|100\/100\n|switch|p1b: Arcanine|Arcanine, L50, M|100\/100\n|switch|p2a: Flutter Mane|Flutter Mane, L50|100\/100\n|switch|p2b: Chi-Yu|Chi-Yu, L50|100\/100\n|-ability|p2b: Chi-Yu|Beads of Ruin\n|-ability|p1b: Arcanine|Intimidate|boost\n|-unboost|p2a: Flutter Mane|atk|1\n|-unboost|p2b: Chi-Yu|atk|1\n|-enditem|p2a: Flutter Mane|Booster Energy\n|-activate|p2a: Flutter Mane|ability: Protosynthesis|[fromitem]\n|-start|p2a: Flutter Mane|protosynthesisspe\n|turn|1\n|\n|t:|1682043222\n|-end|p1a: Flutter Mane|Protosynthesis|[silent]\n|switch|p1a: Ting-Lu|Ting-Lu, L50|100\/100\n|-ability|p1a: Ting-Lu|Vessel of Ruin\n|-terastallize|p2b: Chi-Yu|Water\n|move|p2a: Flutter Mane|Shadow Ball|p1a: Ting-Lu\n|-resisted|p1a: Ting-Lu\n|-damage|p1a: Ting-Lu|91\/100\n|-unboost|p1a: Ting-Lu|spd|1\n|move|p2b: Chi-Yu|Tera Blast|p1b: Arcanine\n|-supereffective|p1b: Arcanine\n|-damage|p1b: Arcanine|8\/100\n|move|p1b: Arcanine|Flare Blitz|p2a: Flutter Mane\n|-damage|p2a: Flutter Mane|4\/100\n|-damage|p1b: Arcanine|0 fnt|[from] Recoil\n|faint|p1b: Arcanine\n|\n|upkeep\n|\n|t:|1682043240\n|switch|p1b: Palafin|Palafin, L50, M|100\/100\n|turn|2\n|\n|t:|1682043271\n|-end|p2a: Flutter Mane|Protosynthesis|[silent]\n|switch|p2a: Palafin|Palafin, L50, F|100\/100\n|detailschange|p1b: Palafin|Palafin-Hero, L50, M\n|switch|p1b: Flutter Mane|Flutter Mane, L50|100\/100\n|move|p2b: Chi-Yu|Tera Blast|p1a: Ting-Lu\n|-supereffective|p1a: Ting-Lu\n|-damage|p1a: Ting-Lu|30\/100\n|move|p1a: Ting-Lu|Ruination|p2b: Chi-Yu\n|-damage|p2b: Chi-Yu|51\/100\n|\n|upkeep\n|turn|3\n|\n|t:|1682043323\n|switch|p1a: Palafin|Palafin-Hero, L50, M|100\/100\n|-activate|p1a: Palafin|ability: Zero to Hero\n|move|p2a: Palafin|Jet Punch|p1b: Flutter Mane\n|-damage|p1b: Flutter Mane|60\/100\n|move|p2b: Chi-Yu|Tera Blast|p1a: Palafin\n|-resisted|p1a: Palafin\n|-damage|p1a: Palafin|71\/100\n|move|p1b: Flutter Mane|Moonblast|p2b: Chi-Yu\n|-damage|p2b: Chi-Yu|0 fnt\n|faint|p2b: Chi-Yu\n|\n|upkeep\n|\n|t:|1682043350\n|switch|p2b: Chien-Pao|Chien-Pao, L50|100\/100\n|-ability|p2b: Chien-Pao|Sword of Ruin\n|turn|4\n|\n|t:|1682043375\n|-end|p1b: Flutter Mane|Protosynthesis|[silent]\n|switch|p1b: Ting-Lu|Ting-Lu, L50|30\/100\n|-ability|p1b: Ting-Lu|Vessel of Ruin\n|detailschange|p2a: Palafin|Palafin-Hero, L50, F\n|switch|p2a: Flutter Mane|Flutter Mane, L50|4\/100\n|move|p2b: Chien-Pao|Protect|p2b: Chien-Pao\n|-singleturn|p2b: Chien-Pao|Protect\n|move|p1a: Palafin|Jet Punch|p2b: Chien-Pao\n|-activate|p2b: Chien-Pao|move: Protect\n|\n|upkeep\n|turn|5\n|\n|t:|1682043416\n|move|p1a: Palafin|Protect|p1a: Palafin\n|-singleturn|p1a: Palafin|Protect\n|move|p2b: Chien-Pao|Ice Spinner|p1a: Palafin\n|-activate|p1a: Palafin|move: Protect\n|move|p2a: Flutter Mane|Dazzling Gleam|p1b: Ting-Lu|[spread] p1b\n|-activate|p1a: Palafin|move: Protect\n|-supereffective|p1b: Ting-Lu\n|-damage|p1b: Ting-Lu|10\/100\n|move|p1b: Ting-Lu|Heavy Slam|p2b: Chien-Pao\n|-supereffective|p2b: Chien-Pao\n|-damage|p2b: Chien-Pao|23\/100\n|\n|upkeep\n|turn|6\n|\n|t:|1682043448\n|move|p2b: Chien-Pao|Protect|p2b: Chien-Pao\n|-singleturn|p2b: Chien-Pao|Protect\n|move|p1a: Palafin|Jet Punch|p2a: Flutter Mane\n|-damage|p2a: Flutter Mane|0 fnt\n|faint|p2a: Flutter Mane\n|-end|p2a: Flutter Mane|Protosynthesis|[silent]\n|move|p1b: Ting-Lu|Heavy Slam|p2b: Chien-Pao\n|-activate|p2b: Chien-Pao|move: Protect\n|\n|upkeep\n|\n|t:|1682043458\n|switch|p2a: Palafin|Palafin-Hero, L50, F|100\/100\n|-activate|p2a: Palafin|ability: Zero to Hero\n|turn|7\n|\n|t:|1682043478\n|move|p2b: Chien-Pao|Sucker Punch|p1a: Palafin\n|-damage|p1a: Palafin|29\/100\n|move|p1a: Palafin|Jet Punch|p2b: Chien-Pao\n|-damage|p2b: Chien-Pao|0 fnt\n|faint|p2b: Chien-Pao\n|move|p2a: Palafin|Jet Punch|p1a: Palafin\n|-resisted|p1a: Palafin\n|-damage|p1a: Palafin|6\/100\n|move|p1b: Ting-Lu|Ruination|p2a: Palafin\n|-damage|p2a: Palafin|51\/100\n|\n|upkeep\n|turn|8\n|\n|t:|1682043504\n|move|p1a: Palafin|Jet Punch|p2a: Palafin\n|-resisted|p2a: Palafin\n|-damage|p2a: Palafin|29\/100\n|move|p2a: Palafin|Jet Punch|p1a: Palafin\n|-resisted|p1a: Palafin\n|-damage|p1a: Palafin|0 fnt\n|faint|p1a: Palafin\n|move|p1b: Ting-Lu|Stomping Tantrum|p2a: Palafin\n|-damage|p2a: Palafin|0 fnt\n|faint|p2a: Palafin\n|\n|win|Erick2803u\n|c|\u2606Erick2803u|gg\n|c|\u2606GarishSpace|gg\n|l|\u2606GarishSpace\n","uploadtime":1682043516,"views":15,"p1id":"erick2803u","p2id":"garishspace","formatid":"gen9vgc2023regulationc","rating":0,"private":0,"password":""}