{"id":"gen9vgc2023regulationc-1862004519","p1":"Trabje","p2":"shuijunjun","format":"[Gen 9] VGC 2023 Regulation C","log":"|j|\u2606Trabje\n|j|\u2606shuijunjun\n|t:|1683828065\n|gametype|doubles\n|player|p1|Trabje|pokemaniac|1337\n|player|p2|shuijunjun|iono|1318\n|teamsize|p1|6\n|teamsize|p2|6\n|gen|9\n|tier|[Gen 9] VGC 2023 Regulation C\n|rated|\n|rule|Species Clause: Limit one of each Pok\u00e9mon\n|rule|Item Clause: Limit one of each item\n|clearpoke\n|poke|p1|Frosmoth, L50, M|\n|poke|p1|Grimmsnarl, L50, M|\n|poke|p1|Wo-Chien, L50|\n|poke|p1|Iron Bundle, L50|\n|poke|p1|Iron Hands, L50|\n|poke|p1|Ceruledge, L50, F|\n|poke|p2|Armarouge, L50, F|\n|poke|p2|Maushold-Four, L50|\n|poke|p2|Flutter Mane, L50|\n|poke|p2|Chien-Pao, L50|\n|poke|p2|Dragonite, L50, F|\n|poke|p2|Iron Moth, L50|\n|teampreview|4\nshuijunjun rejected open team sheets.\n|\n|t:|1683828093\n|start\n|switch|p1a: Frosmoth|Frosmoth, L50, M|100\/100\n|switch|p1b: Grimmsnarl|Grimmsnarl, L50, M|100\/100\n|switch|p2a: Maushold|Maushold-Four, L50|100\/100\n|switch|p2b: Armarouge|Armarouge, L50, F|100\/100\n|turn|1\n|\n|t:|1683828104\n|-terastallize|p1a: Frosmoth|Water\n|move|p1b: Grimmsnarl|Light Screen|p1b: Grimmsnarl\n|-sidestart|p1: Trabje|move: Light Screen\n|move|p2a: Maushold|Beat Up|p2b: Armarouge\n|-supereffective|p2b: Armarouge\n|-damage|p2b: Armarouge|97\/100\n|-ability|p2b: Armarouge|Weak Armor|boost\n|-unboost|p2b: Armarouge|def|1\n|-boost|p2b: Armarouge|spe|2\n|-enditem|p2b: Armarouge|Weakness Policy\n|-boost|p2b: Armarouge|atk|2|[from] item: Weakness Policy\n|-boost|p2b: Armarouge|spa|2|[from] item: Weakness Policy\n|-supereffective|p2b: Armarouge\n|-damage|p2b: Armarouge|92\/100\n|-ability|p2b: Armarouge|Weak Armor|boost\n|-unboost|p2b: Armarouge|def|1\n|-boost|p2b: Armarouge|spe|2\n|-supereffective|p2b: Armarouge\n|-damage|p2b: Armarouge|87\/100\n|-ability|p2b: Armarouge|Weak Armor|boost\n|-unboost|p2b: Armarouge|def|1\n|-boost|p2b: Armarouge|spe|2\n|-supereffective|p2b: Armarouge\n|-damage|p2b: Armarouge|79\/100\n|-ability|p2b: Armarouge|Weak Armor|boost\n|-unboost|p2b: Armarouge|def|1\n|-hitcount|p2b: Armarouge|4\n|move|p2b: Armarouge|Stored Power|p1a: Frosmoth\n|-damage|p1a: Frosmoth|26\/100\n|move|p1a: Frosmoth|Quiver Dance|p1a: Frosmoth\n|-boost|p1a: Frosmoth|spa|1\n|-boost|p1a: Frosmoth|spd|1\n|-boost|p1a: Frosmoth|spe|1\n|\n|-heal|p1a: Frosmoth|32\/100|[from] item: Leftovers\n|upkeep\n|turn|2\n|\n|t:|1683828134\n|switch|p1b: Iron Boat|Iron Hands, L50|100\/100\n|move|p1a: Frosmoth|Protect|p1a: Frosmoth\n|-singleturn|p1a: Frosmoth|Protect\n|move|p2a: Maushold|Follow Me|p2a: Maushold\n|-singleturn|p2a: Maushold|move: Follow Me\n|move|p2b: Armarouge|Stored Power|p1a: Frosmoth\n|-activate|p1a: Frosmoth|move: Protect\n|\n|-heal|p1a: Frosmoth|39\/100|[from] item: Leftovers\n|upkeep\n|turn|3\n|\n|t:|1683828159\n|move|p1b: Iron Boat|Fake Out|p2b: Armarouge\n|-damage|p2b: Armarouge|51\/100\n|-ability|p2b: Armarouge|Weak Armor|boost\n|-unboost|p2b: Armarouge|def|1\n|cant|p2b: Armarouge|flinch\n|move|p2a: Maushold|Encore|p1a: Frosmoth\n|-start|p1a: Frosmoth|Encore\n|move|p1a: Frosmoth|Protect||[still]\n|-fail|p1a: Frosmoth\n|\n|-heal|p1a: Frosmoth|45\/100|[from] item: Leftovers\n|upkeep\n|turn|4\n|\n|t:|1683828177\n|switch|p2a: Iron Moth|Iron Moth, L50|100\/100\n|-enditem|p2a: Iron Moth|Booster Energy\n|-activate|p2a: Iron Moth|ability: Quark Drive|[fromitem]\n|-start|p2a: Iron Moth|quarkdrivespe\n|switch|p1a: Grimmsnarl|Grimmsnarl, L50, M|100\/100\n|-end|p1b: Iron Boat|Quark Drive|[silent]\n|switch|p1b: Wo-Chien|Wo-Chien, L50|100\/100\n|-ability|p1b: Wo-Chien|Tablets of Ruin\n|move|p2b: Armarouge|Stored Power|p1b: Wo-Chien\n|-immune|p1b: Wo-Chien\n|\n|upkeep\n|turn|5\n|\n|t:|1683828200\n|switch|p1a: Iron Boat|Iron Hands, L50|100\/100\n|move|p1b: Wo-Chien|Protect|p1b: Wo-Chien\n|-singleturn|p1b: Wo-Chien|Protect\n|move|p2b: Armarouge|Flash Cannon|p1a: Iron Boat\n|-resisted|p1a: Iron Boat\n|-damage|p1a: Iron Boat|88\/100\n|move|p2a: Iron Moth|Acid Spray|p1a: Iron Boat\n|-damage|p1a: Iron Boat|80\/100\n|-unboost|p1a: Iron Boat|spd|2\n|\n|upkeep\n|turn|6\n|l|\u2606shuijunjun\n|player|p2|\n|inactive|Battle timer is ON: inactive players will automatically lose when time's up. (requested by Trabje)\n|j|\u2606shuijunjun\n|inactive|shuijunjun reconnected and has 75 seconds left.\n|player|p2|shuijunjun|iono\n|\n|t:|1683828265\n|move|p1a: Iron Boat|Fake Out|p2a: Iron Moth\n|-damage|p2a: Iron Moth|85\/100\n|move|p2b: Armarouge|Aura Sphere|p1b: Wo-Chien\n|-supereffective|p1b: Wo-Chien\n|-damage|p1b: Wo-Chien|46\/100\n|-enditem|p1b: Wo-Chien|Sitrus Berry|[eat]\n|-heal|p1b: Wo-Chien|71\/100|[from] item: Sitrus Berry\n|cant|p2a: Iron Moth|flinch\n|move|p1b: Wo-Chien|Leech Seed|p2b: Armarouge\n|-start|p2b: Armarouge|move: Leech Seed\n|\n|-damage|p2b: Armarouge|39\/100|[from] Leech Seed|[of] p1b: Wo-Chien\n|-heal|p1b: Wo-Chien|83\/100|[silent]\n|upkeep\n|turn|7\n|inactive|shuijunjun has 30 seconds left.\n|\n|t:|1683828299\n|-end|p1a: Iron Boat|Quark Drive|[silent]\n|switch|p1a: Frosmoth|Frosmoth, L50, M, tera:Water|45\/100\n|move|p2b: Armarouge|Aura Sphere|p1a: Frosmoth\n|-damage|p1a: Frosmoth|27\/100\n|move|p2a: Iron Moth|Heat Wave|p1b: Wo-Chien|[spread] p1b\n|-miss|p2a: Iron Moth|p1a: Frosmoth\n|-supereffective|p1b: Wo-Chien\n|-damage|p1b: Wo-Chien|49\/100\n|move|p1b: Wo-Chien|Leech Seed|p2a: Iron Moth\n|-start|p2a: Iron Moth|move: Leech Seed\n|\n|-heal|p1a: Frosmoth|33\/100|[from] item: Leftovers\n|-damage|p2b: Armarouge|26\/100|[from] Leech Seed|[of] p1b: Wo-Chien\n|-heal|p1b: Wo-Chien|61\/100|[silent]\n|-damage|p2a: Iron Moth|72\/100|[from] Leech Seed|[of] p1b: Wo-Chien\n|-heal|p1b: Wo-Chien|72\/100|[silent]\n|upkeep\n|turn|8\n|\n|t:|1683828323\n|move|p1b: Wo-Chien|Protect|p1b: Wo-Chien\n|-singleturn|p1b: Wo-Chien|Protect\n|move|p2b: Armarouge|Stored Power|p1b: Wo-Chien\n|-activate|p1b: Wo-Chien|move: Protect\n|move|p2a: Iron Moth|Struggle Bug|p1a: Frosmoth|[spread] p1a\n|-activate|p1b: Wo-Chien|move: Protect\n|-damage|p1a: Frosmoth|28\/100\n|-unboost|p1a: Frosmoth|spa|1\n|move|p1a: Frosmoth|Tera Blast|p2a: Iron Moth\n|-supereffective|p2a: Iron Moth\n|-damage|p2a: Iron Moth|25\/100\n|\n|-heal|p1a: Frosmoth|35\/100|[from] item: Leftovers\n|-damage|p2b: Armarouge|14\/100|[from] Leech Seed|[of] p1b: Wo-Chien\n|-heal|p1b: Wo-Chien|84\/100|[silent]\n|-damage|p2a: Iron Moth|13\/100|[from] Leech Seed|[of] p1b: Wo-Chien\n|-heal|p1b: Wo-Chien|95\/100|[silent]\n|-sideend|p1: Trabje|move: Light Screen\n|upkeep\n|turn|9\n|\n|t:|1683828347\n|switch|p1a: Grimmsnarl|Grimmsnarl, L50, M|100\/100\n|switch|p1b: Iron Boat|Iron Hands, L50|80\/100\n|move|p2b: Armarouge|Stored Power|p1a: Grimmsnarl\n|-immune|p1a: Grimmsnarl\n|move|p2a: Iron Moth|Acid Spray|p1a: Grimmsnarl\n|-supereffective|p1a: Grimmsnarl\n|-damage|p1a: Grimmsnarl|70\/100\n|-unboost|p1a: Grimmsnarl|spd|2\n|\n|-damage|p2b: Armarouge|2\/100|[from] Leech Seed|[of] p1b: Iron Boat\n|-heal|p1b: Iron Boat|89\/100|[silent]\n|-damage|p2a: Iron Moth|0 fnt|[from] Leech Seed|[of] p1b: Iron Boat\n|-heal|p1b: Iron Boat|97\/100|[silent]\n|faint|p2a: Iron Moth\n|-end|p2a: Iron Moth|Quark Drive|[silent]\n|upkeep\n|\n|t:|1683828359\n|switch|p2a: Flutter Mane|Flutter Mane, L50|100\/100\n|turn|10\n|\n|t:|1683828370\n|switch|p2b: Maushold|Maushold-Four, L50|100\/100\n|move|p1b: Iron Boat|Fake Out|p2b: Maushold\n|-crit|p2b: Maushold\n|-damage|p2b: Maushold|71\/100\n|move|p1a: Grimmsnarl|Light Screen|p1a: Grimmsnarl\n|-sidestart|p1: Trabje|move: Light Screen\n|move|p2a: Flutter Mane|Moonblast|p1b: Iron Boat\n|-supereffective|p1b: Iron Boat\n|-damage|p1b: Iron Boat|33\/100\n|-unboost|p1b: Iron Boat|spa|1\n|\n|upkeep\n|turn|11\n|\n|t:|1683828390\n|move|p2a: Flutter Mane|Moonblast|p1a: Grimmsnarl\n|-supereffective|p1a: Grimmsnarl\n|-damage|p1a: Grimmsnarl|0 fnt\n|faint|p1a: Grimmsnarl\n|move|p2b: Maushold|Encore|p1b: Iron Boat\n|-start|p1b: Iron Boat|Encore\n|move|p1b: Iron Boat|Fake Out||[still]\n|-hint|Fake Out only works on your first turn out.\n|-fail|p1b: Iron Boat\n|\n|upkeep\n|\n|t:|1683828401\n|switch|p1a: Frosmoth|Frosmoth, L50, M, tera:Water|35\/100\n|turn|12\n|\n|t:|1683828423\n|-end|p1b: Iron Boat|Quark Drive|[silent]\n|switch|p1b: Wo-Chien|Wo-Chien, L50|95\/100\n|-ability|p1b: Wo-Chien|Tablets of Ruin\n|-terastallize|p2a: Flutter Mane|Fairy\n|move|p2a: Flutter Mane|Moonblast|p1a: Frosmoth\n|-damage|p1a: Frosmoth|6\/100\n|move|p2b: Maushold|Beat Up|p1a: Frosmoth\n|-damage|p1a: Frosmoth|3\/100\n|-damage|p1a: Frosmoth|0 fnt\n|faint|p1a: Frosmoth\n|-hitcount|p1: Frosmoth|2\n|\n|upkeep\n|\n|t:|1683828433\n|switch|p1a: Iron Boat|Iron Hands, L50|33\/100\n|turn|13\n|\n|t:|1683828451\n|move|p1b: Wo-Chien|Protect|p1b: Wo-Chien\n|-singleturn|p1b: Wo-Chien|Protect\n|move|p2b: Maushold|Follow Me|p2b: Maushold\n|-singleturn|p2b: Maushold|move: Follow Me\n|move|p2a: Flutter Mane|Moonblast|p1b: Wo-Chien\n|-activate|p1b: Wo-Chien|move: Protect\n|move|p1a: Iron Boat|Drain Punch|p2b: Maushold\n|-supereffective|p2b: Maushold\n|-damage|p2b: Maushold|0 fnt\n|-heal|p1a: Iron Boat|58\/100|[from] drain|[of] p2b: Maushold\n|faint|p2b: Maushold\n|\n|upkeep\n|\n|t:|1683828456\n|switch|p2b: Armarouge|Armarouge, L50, F|2\/100\n|turn|14\n|\n|t:|1683828471\n|move|p2a: Flutter Mane|Moonblast|p1a: Iron Boat\n|-supereffective|p1a: Iron Boat\n|-damage|p1a: Iron Boat|0 fnt\n|faint|p1a: Iron Boat\n|-end|p1a: Iron Boat|Quark Drive|[silent]\n|move|p1b: Wo-Chien|Leech Seed|p2a: Flutter Mane\n|-start|p2a: Flutter Mane|move: Leech Seed\n|move|p2b: Armarouge|Aura Sphere|p1b: Wo-Chien\n|-supereffective|p1b: Wo-Chien\n|-damage|p1b: Wo-Chien|69\/100\n|\n|-damage|p2a: Flutter Mane|88\/100|[from] Leech Seed|[of] p1b: Wo-Chien\n|-heal|p1b: Wo-Chien|77\/100|[silent]\n|upkeep\n|turn|15\n|\n|t:|1683828483\n|move|p2a: Flutter Mane|Moonblast|p1b: Wo-Chien\n|-supereffective|p1b: Wo-Chien\n|-damage|p1b: Wo-Chien|0 fnt\n|faint|p1b: Wo-Chien\n|\n|win|shuijunjun\n|raw|Trabje's rating: 1337 → 1316<\/strong> (-21 for losing)\n|raw|shuijunjun's rating: 1318 → 1339<\/strong> (+21 for winning)\n|c|\u2606shuijunjun|gg\n|c|\u2606Trabje|closed team sheet\n|c|\u2606Trabje|zz\n|l|\u2606Trabje\n","uploadtime":1683828493,"views":20,"p1id":"trabje","p2id":"shuijunjun","formatid":"gen9vgc2023regulationc","rating":1316,"private":0,"password":""}