{"id":"gen9vgc2023regulationc-1850499802","p1":"Amphinoben","p2":"BlindMagneton","format":"[Gen 9] VGC 2023 Regulation C","log":"|j|\u2606Amphinoben\n|j|\u2606BlindMagneton\n|t:|1682343373\n|gametype|doubles\n|player|p1|Amphinoben|benga|1354\n|player|p2|BlindMagneton|wattson|1266\n|teamsize|p1|6\n|teamsize|p2|6\n|gen|9\n|tier|[Gen 9] VGC 2023 Regulation C\n|rated|\n|rule|Species Clause: Limit one of each Pok\u00e9mon\n|rule|Item Clause: Limit one of each item\n|clearpoke\n|poke|p1|Chi-Yu, L50|\n|poke|p1|Flutter Mane, L50|\n|poke|p1|Amoonguss, L50, F|\n|poke|p1|Kingambit, L50, M|\n|poke|p1|Tatsugiri, L50, M|\n|poke|p1|Dondozo, L50, M|\n|poke|p2|Iron Valiant, L50|\n|poke|p2|Wo-Chien, L50|\n|poke|p2|Maushold, L50|\n|poke|p2|Grimmsnarl, L50, M|\n|poke|p2|Dragapult, L50, M|\n|poke|p2|Ceruledge, L50, M|\n|teampreview|4\n|inactive|Battle timer is ON: inactive players will automatically lose when time's up. (requested by Amphinoben)\n|inactive|BlindMagneton has 60 seconds left.\n|inactive|BlindMagneton has 30 seconds left.\n|\n|t:|1682343444\n|start\n|switch|p1a: Chi-Yu|Chi-Yu, L50|100\/100\n|switch|p1b: Flutter Mane|Flutter Mane, L50|100\/100\n|switch|p2a: Iron Valiant|Iron Valiant, L50|100\/100\n|switch|p2b: Ceruledge|Ceruledge, L50, M|100\/100\n|-ability|p1a: Chi-Yu|Beads of Ruin\n|-enditem|p2a: Iron Valiant|Booster Energy\n|-activate|p2a: Iron Valiant|ability: Quark Drive|[fromitem]\n|-start|p2a: Iron Valiant|quarkdrivespe\n|turn|1\n|inactive|Amphinoben has 30 seconds left.\n|inactive|BlindMagneton has 30 seconds left.\n|inactive|Amphinoben has 20 seconds left.\n|inactive|BlindMagneton has 20 seconds left.\n|inactive|BlindMagneton has 15 seconds left.\n|\n|t:|1682343486\n|-terastallize|p2b: Ceruledge|Grass\n|move|p2a: Iron Valiant|Imprison|p2a: Iron Valiant\n|-start|p2a: Iron Valiant|move: Imprison\n|cant|p1b: Flutter Mane|move: Imprison|Moonblast\n|move|p1a: Chi-Yu|Dark Pulse|p2b: Ceruledge\n|-damage|p2b: Ceruledge|47\/100\n|move|p2b: Ceruledge|Bitter Blade|p1b: Flutter Mane\n|-damage|p1b: Flutter Mane|0 fnt\n|-heal|p2b: Ceruledge|83\/100|[from] drain|[of] p1b: Flutter Mane\n|faint|p1b: Flutter Mane\n|-end|p1b: Flutter Mane|Protosynthesis|[silent]\n|\n|upkeep\n|inactive|Amphinoben has 30 seconds left.\n|inactive|Amphinoben has 20 seconds left.\n|\n|t:|1682343521\n|switch|p1b: Dondozo|Dondozo, L50, M|100\/100\n|turn|2\n|inactive|Amphinoben has 30 seconds left.\n|inactive|Amphinoben has 20 seconds left.\n|\n|t:|1682343558\n|move|p2b: Ceruledge|Protect|p2b: Ceruledge\n|-singleturn|p2b: Ceruledge|Protect\n|move|p2a: Iron Valiant|Drain Punch|p1a: Chi-Yu\n|-supereffective|p1a: Chi-Yu\n|-enditem|p1a: Chi-Yu|Focus Sash\n|-damage|p1a: Chi-Yu|1\/100\n|move|p1a: Chi-Yu|Taunt|p2b: Ceruledge\n|-activate|p2b: Ceruledge|move: Protect\n|move|p1b: Dondozo|Wave Crash|p2a: Iron Valiant\n|-damage|p2a: Iron Valiant|19\/100\n|-damage|p1b: Dondozo|85\/100|[from] Recoil\n|\n|-heal|p1b: Dondozo|91\/100|[from] item: Leftovers\n|upkeep\n|turn|3\n|inactive|Amphinoben has 30 seconds left.\n|inactive|BlindMagneton has 30 seconds left.\n|inactive|Amphinoben has 20 seconds left.\n|inactive|Amphinoben has 15 seconds left.\n|inactive|Amphinoben has 10 seconds left.\n|\n|t:|1682343608\n|switch|p1a: Tatsugiri|Tatsugiri, L50, M|100\/100\n|-activate|p1a: Tatsugiri|ability: Commander|[of] p1b: Dondozo\n|-boost|p1b: Dondozo|atk|2\n|-boost|p1b: Dondozo|spa|2\n|-boost|p1b: Dondozo|spe|2\n|-boost|p1b: Dondozo|def|2\n|-boost|p1b: Dondozo|spd|2\n|switch|p2b: Dragapult|Dragapult, L50, M|100\/100\n|move|p2a: Iron Valiant|Dazzling Gleam|p1a: Tatsugiri|[spread] p1b\n|-miss|p2a: Iron Valiant|p1a: Tatsugiri\n|-damage|p1b: Dondozo|78\/100\n|move|p1b: Dondozo|Earthquake|p2a: Iron Valiant|[spread] p2a,p2b\n|-miss|p1b: Dondozo|p1a: Tatsugiri\n|-damage|p2a: Iron Valiant|0 fnt\n|-damage|p2b: Dragapult|36\/100\n|faint|p2a: Iron Valiant\n|-end|p2a: Iron Valiant|Quark Drive|[silent]\n|\n|-heal|p1b: Dondozo|85\/100|[from] item: Leftovers\n|upkeep\n|inactive|BlindMagneton has 30 seconds left.\n|inactive|BlindMagneton has 20 seconds left.\n|\n|t:|1682343643\n|switch|p2a: Wo-Chien|Wo-Chien, L50|100\/100\n|-ability|p2a: Wo-Chien|Tablets of Ruin\n|turn|4\n|\n|t:|1682343651\n|move|p1b: Dondozo|Protect|p1b: Dondozo\n|-singleturn|p1b: Dondozo|Protect\n|move|p2a: Wo-Chien|Protect|p2a: Wo-Chien\n|-singleturn|p2a: Wo-Chien|Protect\n|move|p2b: Dragapult|Curse|p1b: Dondozo\n|-start|p1b: Dondozo|Curse|[of] p2b: Dragapult\n|-damage|p2b: Dragapult|0 fnt\n|faint|p2b: Dragapult\n|\n|-heal|p1b: Dondozo|91\/100|[from] item: Leftovers\n|-damage|p1b: Dondozo|66\/100|[from] Curse\n|upkeep\n|\n|t:|1682343662\n|switch|p2b: Ceruledge|Ceruledge, L50, M, tera:Grass|83\/100\n|turn|5\n|\n|t:|1682343677\n|move|p2b: Ceruledge|Protect|p2b: Ceruledge\n|-singleturn|p2b: Ceruledge|Protect\n|move|p1b: Dondozo|Order Up|p2b: Ceruledge\n|-activate|p2b: Ceruledge|move: Protect\n|move|p2a: Wo-Chien|Leech Seed|p1b: Dondozo\n|-start|p1b: Dondozo|move: Leech Seed\n|\n|-heal|p1b: Dondozo|72\/100|[from] item: Leftovers\n|-damage|p1b: Dondozo|60\/100|[from] Leech Seed|[of] p2a: Wo-Chien\n|-damage|p1b: Dondozo|35\/100|[from] Curse\n|upkeep\n|turn|6\n|inactive|BlindMagneton has 30 seconds left.\n|inactive|BlindMagneton has 20 seconds left.\n|inactive|BlindMagneton has 15 seconds left.\n|\n|t:|1682343721\n|move|p1b: Dondozo|Order Up|p2a: Wo-Chien\n|-crit|p2a: Wo-Chien\n|-damage|p2a: Wo-Chien|55\/100\n|-boost|p1b: Dondozo|atk|1\n|move|p2b: Ceruledge|Bulk Up|p2b: Ceruledge\n|-boost|p2b: Ceruledge|atk|1\n|-boost|p2b: Ceruledge|def|1\n|move|p2a: Wo-Chien|Foul Play|p1b: Dondozo\n|-damage|p1b: Dondozo|20\/100\n|\n|-heal|p1b: Dondozo|27\/100|[from] item: Leftovers\n|-damage|p1b: Dondozo|14\/100|[from] Leech Seed|[of] p2a: Wo-Chien\n|-heal|p2a: Wo-Chien|77\/100|[silent]\n|-damage|p1b: Dondozo|0 fnt|[from] Curse\n|faint|p1b: Dondozo\n|upkeep\n|\n|t:|1682343734\n|switch|p1b: Chi-Yu|Chi-Yu, L50|1\/100\n|-ability|p1b: Chi-Yu|Beads of Ruin\n|turn|7\n|inactive|BlindMagneton has 30 seconds left.\n|\n|t:|1682343765\n|-terastallize|p1a: Tatsugiri|Dragon\n|move|p1b: Chi-Yu|Protect|p1b: Chi-Yu\n|-singleturn|p1b: Chi-Yu|Protect\n|move|p2b: Ceruledge|Protect|p2b: Ceruledge\n|-singleturn|p2b: Ceruledge|Protect\n|move|p2a: Wo-Chien|Protect|p2a: Wo-Chien\n|-singleturn|p2a: Wo-Chien|Protect\n|move|p1a: Tatsugiri|Draco Meteor|p2b: Ceruledge\n|-activate|p2b: Ceruledge|move: Protect\n|\n|upkeep\n|turn|8\n|inactive|Amphinoben has 30 seconds left.\n|inactive|Amphinoben has 20 seconds left.\n|\n|t:|1682343800\n|move|p1b: Chi-Yu|Protect||[still]\n|-fail|p1b: Chi-Yu\n|move|p2b: Ceruledge|Shadow Sneak|p1b: Chi-Yu\n|-resisted|p1b: Chi-Yu\n|-damage|p1b: Chi-Yu|0 fnt\n|faint|p1b: Chi-Yu\n|move|p1a: Tatsugiri|Draco Meteor|p2b: Ceruledge\n|-damage|p2b: Ceruledge|6\/100\n|-unboost|p1a: Tatsugiri|spa|2\n|move|p2a: Wo-Chien|Leech Seed|p1a: Tatsugiri\n|-start|p1a: Tatsugiri|move: Leech Seed\n|\n|-damage|p1a: Tatsugiri|88\/100|[from] Leech Seed|[of] p2a: Wo-Chien\n|-heal|p2a: Wo-Chien|89\/100|[silent]\n|upkeep\n|turn|9\n|\n|t:|1682343818\n|move|p2b: Ceruledge|Shadow Sneak|p1a: Tatsugiri\n|-damage|p1a: Tatsugiri|44\/100\n|move|p1a: Tatsugiri|Draco Meteor|p2b: Ceruledge\n|-damage|p2b: Ceruledge|0 fnt\n|-unboost|p1a: Tatsugiri|spa|2\n|faint|p2b: Ceruledge\n|move|p2a: Wo-Chien|Giga Drain|p1a: Tatsugiri\n|-resisted|p1a: Tatsugiri\n|-damage|p1a: Tatsugiri|28\/100\n|-heal|p2a: Wo-Chien|97\/100|[from] drain|[of] p1a: Tatsugiri\n|\n|-damage|p1a: Tatsugiri|15\/100|[from] Leech Seed|[of] p2a: Wo-Chien\n|-heal|p2a: Wo-Chien|100\/100|[silent]\n|upkeep\n|turn|10\n|\n|t:|1682343830\n|move|p1a: Tatsugiri|Draco Meteor|p2a: Wo-Chien\n|-damage|p2a: Wo-Chien|83\/100\n|-unboost|p1a: Tatsugiri|spa|2\n|move|p2a: Wo-Chien|Giga Drain|p1a: Tatsugiri\n|-resisted|p1a: Tatsugiri\n|-damage|p1a: Tatsugiri|0 fnt\n|-heal|p2a: Wo-Chien|90\/100|[from] drain|[of] p1a: Tatsugiri\n|faint|p1a: Tatsugiri\n|\n|win|BlindMagneton\n|raw|Amphinoben's rating: 1354 → 1329<\/strong> (-25 for losing)\n|raw|BlindMagneton's rating: 1266 → 1297<\/strong> (+31 for winning)\n|c|\u2606Amphinoben|Gg\n|c|\u2606BlindMagneton|gg\n|l|\u2606Amphinoben\n","uploadtime":1682343842,"views":22,"p1id":"amphinoben","p2id":"blindmagneton","formatid":"gen9vgc2023regulationc","rating":1297,"private":0,"password":""}