{"id":"gen9vgc2023regulationc-1853520640","p1":"Edro360","p2":"Rixiflusss","format":"[Gen 9] VGC 2023 Regulation C","log":"|j|\u2606Edro360\n|j|\u2606Rixiflusss\n|t:|1682692983\n|gametype|doubles\n|player|p1|Edro360|2|1176\n|player|p2|Rixiflusss|hoopster|1106\n|teamsize|p1|6\n|teamsize|p2|6\n|gen|9\n|tier|[Gen 9] VGC 2023 Regulation C\n|rated|\n|rule|Species Clause: Limit one of each Pok\u00e9mon\n|rule|Item Clause: Limit one of each item\n|clearpoke\n|poke|p1|Chi-Yu, L50|\n|poke|p1|Ceruledge, L50, F|\n|poke|p1|Dachsbun, L50, F|\n|poke|p1|Iron Hands, L50|\n|poke|p1|Maushold-Four, L50|\n|poke|p1|Baxcalibur, L50, F|\n|poke|p2|Ting-Lu, L50|\n|poke|p2|Murkrow, L50, F|\n|poke|p2|Arcanine, L50, F|\n|poke|p2|Glimmora, L50, M|\n|poke|p2|Iron Hands, L50|\n|poke|p2|Wo-Chien, L50|\n|teampreview|4\nRixiflusss has agreed to open team sheets.\n|inactive|Battle timer is ON: inactive players will automatically lose when time's up. (requested by Edro360)\n|inactive|Rixiflusss also wants the timer to be on.\n|\n|t:|1682693018\n|start\n|switch|p1a: Chi-Yu|Chi-Yu, L50|100\/100\n|switch|p1b: Dachsbun|Dachsbun, L50, F|100\/100\n|switch|p2a: Ting-Lu|Ting-Lu, L50|100\/100\n|switch|p2b: Murkrow|Murkrow, L50, F|100\/100\n|-ability|p1a: Chi-Yu|Beads of Ruin\n|-ability|p2a: Ting-Lu|Vessel of Ruin\n|turn|1\n|\n|t:|1682693039\n|-terastallize|p2a: Ting-Lu|Poison\n|move|p2b: Murkrow|Tailwind|p2b: Murkrow\n|-sidestart|p2: Rixiflusss|move: Tailwind\n|move|p2a: Ting-Lu|Earthquake|p1b: Dachsbun|[spread] p1a,p1b\n|-immune|p2b: Murkrow\n|-supereffective|p1a: Chi-Yu\n|-damage|p1a: Chi-Yu|15\/100\n|-damage|p1b: Dachsbun|71\/100\n|move|p1a: Chi-Yu|Lava Plume|p2a: Ting-Lu|[spread] p2a,p2b\n|-ability|p1b: Dachsbun|Well-Baked Body|boost\n|-boost|p1b: Dachsbun|def|2\n|-damage|p2a: Ting-Lu|90\/100\n|-damage|p2b: Murkrow|70\/100\n|move|p1b: Dachsbun|Body Press|p2a: Ting-Lu\n|-resisted|p2a: Ting-Lu\n|-damage|p2a: Ting-Lu|79\/100\n|\n|upkeep\n|turn|2\n|\n|t:|1682693062\n|move|p1a: Chi-Yu|Protect|p1a: Chi-Yu\n|-singleturn|p1a: Chi-Yu|Protect\n|move|p2b: Murkrow|Thunder Wave|p1b: Dachsbun\n|-status|p1b: Dachsbun|par\n|move|p2a: Ting-Lu|Earthquake|p1a: Chi-Yu|[spread] p1b\n|-activate|p1a: Chi-Yu|move: Protect\n|-immune|p2b: Murkrow\n|-damage|p1b: Dachsbun|55\/100 par\n|move|p1b: Dachsbun|Yawn|p2a: Ting-Lu\n|-start|p2a: Ting-Lu|move: Yawn|[of] p1b: Dachsbun\n|\n|upkeep\n|turn|3\n|\n|t:|1682693084\n|switch|p2a: Iron Hands|Iron Hands, L50|100\/100\n|cant|p1b: Dachsbun|par\n|move|p2b: Murkrow|Thunder Wave|p1a: Chi-Yu\n|-hint|Since gen 7, Dark is immune to Prankster moves.\n|-immune|p1a: Chi-Yu\n|move|p1a: Chi-Yu|Lava Plume|p2a: Iron Hands|[spread] p2a,p2b\n|-ability|p1b: Dachsbun|Well-Baked Body|boost\n|-boost|p1b: Dachsbun|def|2\n|-damage|p2a: Iron Hands|76\/100\n|-damage|p2b: Murkrow|30\/100\n|-status|p2b: Murkrow|brn\n|\n|-damage|p2b: Murkrow|24\/100 brn|[from] brn\n|upkeep\n|turn|4\n|inactive|Rixiflusss has 30 seconds left.\n|\n|t:|1682693114\n|move|p1a: Chi-Yu|Protect|p1a: Chi-Yu\n|-singleturn|p1a: Chi-Yu|Protect\n|cant|p1b: Dachsbun|par\n|move|p2b: Murkrow|Foul Play|p1b: Dachsbun\n|-resisted|p1b: Dachsbun\n|-damage|p1b: Dachsbun|52\/100 par\n|move|p2a: Iron Hands|Thunder Punch|p1a: Chi-Yu\n|-activate|p1a: Chi-Yu|move: Protect\n|\n|-damage|p2b: Murkrow|18\/100 brn|[from] brn\n|-sideend|p2: Rixiflusss|move: Tailwind\n|upkeep\n|turn|5\n|\n|t:|1682693132\n|move|p2b: Murkrow|Tailwind|p2b: Murkrow\n|-sidestart|p2: Rixiflusss|move: Tailwind\n|move|p2a: Iron Hands|Thunder Punch|p1a: Chi-Yu\n|-damage|p1a: Chi-Yu|0 fnt\n|faint|p1a: Chi-Yu\n|move|p1b: Dachsbun|Body Press|p2a: Iron Hands\n|-damage|p2a: Iron Hands|29\/100\n|\n|-damage|p2b: Murkrow|12\/100 brn|[from] brn\n|upkeep\n|\n|t:|1682693146\n|switch|p1a: Iron Hands|Iron Hands, L50|100\/100\n|turn|6\n|\n|t:|1682693159\n|move|p2a: Iron Hands|Protect|p2a: Iron Hands\n|-singleturn|p2a: Iron Hands|Protect\n|move|p1a: Iron Hands|Fake Out|p2a: Iron Hands\n|-activate|p2a: Iron Hands|move: Protect\n|move|p2b: Murkrow|Haze|p2b: Murkrow\n|-clearallboost\n|cant|p1b: Dachsbun|par\n|\n|-damage|p2b: Murkrow|6\/100 brn|[from] brn\n|upkeep\n|turn|7\n|inactive|Edro360 has 30 seconds left.\n|\n|t:|1682693193\n|move|p2b: Murkrow|Foul Play|p1b: Dachsbun\n|-resisted|p1b: Dachsbun\n|-damage|p1b: Dachsbun|44\/100 par\n|move|p2a: Iron Hands|Thunder Punch|p1b: Dachsbun\n|-damage|p1b: Dachsbun|5\/100 par\n|-enditem|p1b: Dachsbun|Aguav Berry|[eat]\n|-heal|p1b: Dachsbun|38\/100 par|[from] item: Aguav Berry\n|move|p1a: Iron Hands|Drain Punch|p2a: Iron Hands\n|-damage|p2a: Iron Hands|0 fnt\n|faint|p2a: Iron Hands\n|-end|p2a: Iron Hands|Quark Drive|[silent]\n|move|p1b: Dachsbun|Body Press|p2b: Murkrow\n|-damage|p2b: Murkrow|0 fnt\n|faint|p2b: Murkrow\n|\n|upkeep\n|\n|t:|1682693207\n|switch|p2b: Ting-Lu|Ting-Lu, L50, tera:Poison|79\/100\n|switch|p2a: Glimmora|Glimmora, L50, M|100\/100\n|-ability|p2b: Ting-Lu|Vessel of Ruin\n|turn|8\n|inactive|Edro360 has 30 seconds left.\n|\n|t:|1682693234\n|-terastallize|p1a: Iron Hands|Grass\n|move|p2a: Glimmora|Spiky Shield|p2a: Glimmora\n|-singleturn|p2a: Glimmora|move: Protect\n|move|p2b: Ting-Lu|Earthquake|p1a: Iron Hands|[spread] p1a,p1b\n|-activate|p2a: Glimmora|move: Protect\n|-resisted|p1a: Iron Hands\n|-damage|p1a: Iron Hands|91\/100\n|-damage|p1b: Dachsbun|11\/100 par\n|move|p1a: Iron Hands|Drain Punch|p2a: Glimmora\n|-activate|p2a: Glimmora|move: Protect\n|-damage|p1a: Iron Hands|79\/100|[from] Spiky Shield|[of] p2a: Glimmora\n|move|p1b: Dachsbun|Body Press|p2a: Glimmora\n|-activate|p2a: Glimmora|move: Protect\n|-damage|p1b: Dachsbun|0 fnt|[from] Spiky Shield|[of] p2a: Glimmora\n|faint|p1b: Dachsbun\n|\n|-sideend|p2: Rixiflusss|move: Tailwind\n|upkeep\n|\n|t:|1682693254\n|switch|p1b: Baxcalibur|Baxcalibur, L50, F|100\/100\n|turn|9\n|\n|t:|1682693266\n|move|p1b: Baxcalibur|Icicle Crash|p2a: Glimmora\n|-crit|p2a: Glimmora\n|-damage|p2a: Glimmora|7\/100\n|-activate|p2a: Glimmora|ability: Toxic Debris\n|-sidestart|p1: Edro360|move: Toxic Spikes\n|move|p2a: Glimmora|Mortal Spin|p1a: Iron Hands|[spread] p1a,p1b\n|-supereffective|p1a: Iron Hands\n|-damage|p1a: Iron Hands|74\/100\n|-damage|p1b: Baxcalibur|97\/100\n|-status|p1a: Iron Hands|psn\n|-status|p1b: Baxcalibur|psn\n|move|p1a: Iron Hands|Drain Punch|p2a: Glimmora\n|-damage|p2a: Glimmora|0 fnt\n|-heal|p1a: Iron Hands|76\/100 psn|[from] drain|[of] p2a: Glimmora\n|-activate|p2a: Glimmora|ability: Toxic Debris\n|-sidestart|p1: Edro360|move: Toxic Spikes\n|faint|p2a: Glimmora\n|move|p2b: Ting-Lu|Heavy Slam|p1b: Baxcalibur\n|-supereffective|p1b: Baxcalibur\n|-damage|p1b: Baxcalibur|56\/100 psn\n|\n|-damage|p1b: Baxcalibur|44\/100 psn|[from] psn\n|-damage|p1a: Iron Hands|64\/100 psn|[from] psn\n|upkeep\n|turn|10\n|inactive|Edro360 has 30 seconds left.\n|inactive|Rixiflusss has 30 seconds left.\n|\n|t:|1682693298\n|move|p1b: Baxcalibur|Protect|p1b: Baxcalibur\n|-singleturn|p1b: Baxcalibur|Protect\n|move|p1a: Iron Hands|Drain Punch|p2b: Ting-Lu\n|-resisted|p2b: Ting-Lu\n|-damage|p2b: Ting-Lu|66\/100\n|-heal|p1a: Iron Hands|71\/100 psn|[from] drain|[of] p2b: Ting-Lu\n|move|p2b: Ting-Lu|Heavy Slam|p1b: Baxcalibur\n|-activate|p1b: Baxcalibur|move: Protect\n|\n|-damage|p1b: Baxcalibur|32\/100 psn|[from] psn\n|-damage|p1a: Iron Hands|58\/100 psn|[from] psn\n|upkeep\n|turn|11\n|inactive|Edro360 has 30 seconds left.\n|\n|t:|1682693327\n|move|p1b: Baxcalibur|Glaive Rush|p2b: Ting-Lu\n|-damage|p2b: Ting-Lu|28\/100\n|-singlemove|p1b: Baxcalibur|Glaive Rush|[silent]\n|move|p1a: Iron Hands|Wild Charge|p2b: Ting-Lu\n|-damage|p2b: Ting-Lu|0 fnt\n|faint|p2b: Ting-Lu\n|-damage|p1a: Iron Hands|51\/100 psn|[from] Recoil\n|\n|win|Edro360\n|raw|Edro360's rating: 1176 → 1196<\/strong> (+20 for winning)\n|raw|Rixiflusss's rating: 1106 → 1086<\/strong> (-20 for losing)\n|l|\u2606Rixiflusss\n","uploadtime":1682693339,"views":7,"p1id":"edro360","p2id":"rixiflusss","formatid":"gen9vgc2023regulationc","rating":1086,"private":0,"password":""}