{"id":"gen9vgc2023regulationc-1856846357","p1":"PensiDiFarRidere?","p2":"PixelDupe1","format":"[Gen 9] VGC 2023 Regulation C","log":"|j|\u2606PensiDiFarRidere?\n|j|\u2606PixelDupe1\n|t:|1683118820\n|gametype|doubles\n|player|p1|PensiDiFarRidere?|steven|1532\n|player|p2|PixelDupe1|palmer|1440\n|teamsize|p1|6\n|teamsize|p2|6\n|gen|9\n|tier|[Gen 9] VGC 2023 Regulation C\n|rated|\n|rule|Species Clause: Limit one of each Pok\u00e9mon\n|rule|Item Clause: Limit one of each item\n|clearpoke\n|poke|p1|Tyranitar, L50, F|\n|poke|p1|Lycanroc, L50, F|\n|poke|p1|Chi-Yu, L50|\n|poke|p1|Talonflame, L50, M|\n|poke|p1|Garchomp, L50, M|\n|poke|p1|Flutter Mane, L50|\n|poke|p2|Lilligant, L50, F|\n|poke|p2|Torkoal, L50, F|\n|poke|p2|Flutter Mane, L50|\n|poke|p2|Great Tusk, L50|\n|poke|p2|Chi-Yu, L50|\n|poke|p2|Murkrow, L50, F|\n|teampreview|4\nPixelDupe1 has agreed to open team sheets.\nPensiDiFarRidere? has agreed to open team sheets.\n|inactive|Battle timer is ON: inactive players will automatically lose when time's up. (requested by PensiDiFarRidere?)\n|inactive|PixelDupe1 has 60 seconds left.\n|j| MondayXyz\n|\n|t:|1683118870\n|start\n|switch|p1a: Talonflame|Talonflame, L50, M|100\/100\n|switch|p1b: Garchomp|Garchomp, L50, M|100\/100\n|switch|p2a: Deathbird|Murkrow, L50, F|100\/100\n|switch|p2b: Godfrey|Great Tusk, L50|100\/100\n|turn|1\n|inactive|PixelDupe1 has 30 seconds left.\n|\n|t:|1683118896\n|-end|p2b: Godfrey|Protosynthesis|[silent]\n|switch|p2b: Godwyn|Flutter Mane, L50|100\/100\n|-enditem|p2b: Godwyn|Booster Energy\n|-activate|p2b: Godwyn|ability: Protosynthesis|[fromitem]\n|-start|p2b: Godwyn|protosynthesisspa\n|move|p1b: Garchomp|Protect|p1b: Garchomp\n|-singleturn|p1b: Garchomp|Protect\n|move|p2a: Deathbird|Feather Dance|p1b: Garchomp\n|-activate|p1b: Garchomp|move: Protect\n|move|p1a: Talonflame|Will-O-Wisp|p2b: Godwyn\n|-status|p2b: Godwyn|brn\n|\n|-damage|p2b: Godwyn|95\/100 brn|[from] brn\n|upkeep\n|turn|2\n|\n|t:|1683118915\n|move|p1a: Talonflame|Tailwind|p1a: Talonflame\n|-sidestart|p1: PensiDiFarRidere?|move: Tailwind\n|move|p2a: Deathbird|Feather Dance|p1b: Garchomp\n|-fail|p1b: Garchomp|unboost|[from] item: Clear Amulet|[of] p1b: Garchomp\n|move|p1b: Garchomp|Earthquake|p2b: Godwyn|[spread] p2b\n|-immune|p1a: Talonflame\n|-immune|p2a: Deathbird\n|-damage|p2b: Godwyn|24\/100 brn\n|move|p2b: Godwyn|Shadow Ball|p1a: Talonflame\n|-damage|p1a: Talonflame|29\/100\n|\n|-damage|p2b: Godwyn|18\/100 brn|[from] brn\n|upkeep\n|turn|3\n|inactive|PensiDiFarRidere? has 30 seconds left.\n|\n|t:|1683118946\n|move|p2a: Deathbird|Tailwind|p2a: Deathbird\n|-sidestart|p2: PixelDupe1|move: Tailwind\n|move|p1a: Talonflame|Brave Bird|p2b: Godwyn\n|-damage|p2b: Godwyn|0 fnt\n|faint|p2b: Godwyn\n|-end|p2b: Godwyn|Protosynthesis|[silent]\n|-damage|p1a: Talonflame|24\/100|[from] Recoil\n|move|p1b: Garchomp|Rock Slide|p2a: Deathbird\n|-supereffective|p2a: Deathbird\n|-damage|p2a: Deathbird|45\/100\n|\n|upkeep\n|inactive|PixelDupe1 has 30 seconds left.\n|\n|t:|1683118975\n|switch|p2b: Godfrey|Great Tusk, L50|100\/100\n|turn|4\n|inactive|PixelDupe1 has 30 seconds left.\n|\n|t:|1683119005\n|-terastallize|p2b: Godfrey|Steel\n|move|p1a: Talonflame|Will-O-Wisp|p2b: Godfrey\n|-status|p2b: Godfrey|brn\n|move|p1b: Garchomp|Rock Slide|p2a: Deathbird|[spread] p2a,p2b\n|-supereffective|p2a: Deathbird\n|-resisted|p2b: Godfrey\n|-damage|p2a: Deathbird|6\/100\n|-damage|p2b: Godfrey|94\/100 brn\n|cant|p2b: Godfrey|flinch\n|cant|p2a: Deathbird|flinch\n|\n|-damage|p2b: Godfrey|88\/100 brn|[from] brn\n|upkeep\n|turn|5\n|\n|t:|1683119021\n|move|p2b: Godfrey|Protect|p2b: Godfrey\n|-singleturn|p2b: Godfrey|Protect\n|move|p1a: Talonflame|Brave Bird|p2a: Deathbird\n|-damage|p2a: Deathbird|0 fnt\n|faint|p2a: Deathbird\n|-damage|p1a: Talonflame|23\/100|[from] Recoil\n|move|p1b: Garchomp|Earthquake|p2b: Godfrey|[spread] \n|-activate|p2b: Godfrey|move: Protect\n|-immune|p1a: Talonflame\n|\n|-damage|p2b: Godfrey|82\/100 brn|[from] brn\n|-sideend|p1: PensiDiFarRidere?|move: Tailwind\n|upkeep\n|-message|PixelDupe1 forfeited.\n|\n|win|PensiDiFarRidere?\n|raw|PensiDiFarRidere?'s rating: 1532 → 1547<\/strong> (+15 for winning)\n|raw|PixelDupe1's rating: 1440 → 1425<\/strong> (-15 for losing)\n|l|\u2606PixelDupe1\n|l|\u2606PensiDiFarRidere?\n|l| MondayXyz\n|j|\u2606PixelDupe1\n|player|p2|PixelDupe1|palmer\n","uploadtime":1683119353,"views":8,"p1id":"pensidifarridere","p2id":"pixeldupe1","formatid":"gen9vgc2023regulationc","rating":1425,"private":0,"password":""}