{"id":"gen9vgc2023regulationc-1846587059","p1":"Grga04","p2":"IknowLatin","format":"[Gen 9] VGC 2023 Regulation C","log":"|j|\u2606Grga04\n|j|\u2606IknowLatin\n|t:|1681854471\n|gametype|doubles\n|player|p1|Grga04|1|1150\n|player|p2|IknowLatin|265|1133\n|teamsize|p1|6\n|teamsize|p2|6\n|gen|9\n|tier|[Gen 9] VGC 2023 Regulation C\n|rated|\n|rule|Species Clause: Limit one of each Pok\u00e9mon\n|rule|Item Clause: Limit one of each item\n|clearpoke\n|poke|p1|Indeedee-F, L50, F|\n|poke|p1|Armarouge, L50, F|\n|poke|p1|Torkoal, L50, M|\n|poke|p1|Hatterene, L50, F|\n|poke|p1|Volcarona, L50, F|\n|poke|p1|Kingambit, L50, F|\n|poke|p2|Annihilape, L50, F|\n|poke|p2|Maushold-Four, L50|\n|poke|p2|Amoonguss, L50, F|\n|poke|p2|Dragapult, L50, F|\n|poke|p2|Armarouge, L50, M|\n|poke|p2|Indeedee-F, L50, F|\n|teampreview|4\n|inactive|Battle timer is ON: inactive players will automatically lose when time's up. (requested by IknowLatin)\nIknowLatin rejected open team sheets.\n|\n|t:|1681854493\n|start\n|switch|p1a: Indeedee|Indeedee-F, L50, F|100\/100\n|switch|p1b: Hatterene|Hatterene, L50, F|100\/100\n|switch|p2a: Bu Ba Bo Biv|Maushold-Four, L50|100\/100\n|switch|p2b: Vecna|Annihilape, L50, F|100\/100\n|-fieldstart|move: Psychic Terrain|[from] ability: Psychic Surge|[of] p1a: Indeedee\n|-enditem|p1a: Indeedee|Psychic Seed\n|-boost|p1a: Indeedee|spd|1|[from] item: Psychic Seed\n|turn|1\n|\n|t:|1681854513\n|-terastallize|p1a: Indeedee|Grass\n|move|p1a: Indeedee|Follow Me|p1a: Indeedee\n|-singleturn|p1a: Indeedee|move: Follow Me\n|move|p2a: Bu Ba Bo Biv|Beat Up|p1a: Indeedee\n|-damage|p1a: Indeedee|97\/100\n|-damage|p1a: Indeedee|93\/100\n|-damage|p1a: Indeedee|90\/100\n|-damage|p1a: Indeedee|88\/100\n|-hitcount|p1a: Indeedee|4\n|move|p2b: Vecna|Rage Fist|p1a: Indeedee\n|-damage|p1a: Indeedee|64\/100\n|move|p1b: Hatterene|Trick Room|p1b: Hatterene\n|-fieldstart|move: Trick Room|[of] p1b: Hatterene\n|\n|upkeep\n|turn|2\n|inactive|IknowLatin has 30 seconds left.\n|\n|t:|1681854542\n|move|p1a: Indeedee|Helping Hand|p1b: Hatterene\n|-singleturn|p1b: Hatterene|Helping Hand|[of] p1a: Indeedee\n|move|p2b: Vecna|Protect|p2b: Vecna\n|-singleturn|p2b: Vecna|Protect\n|move|p1b: Hatterene|Psychic|p2b: Vecna\n|-activate|p2b: Vecna|move: Protect\n|move|p2a: Bu Ba Bo Biv|Taunt|p1a: Indeedee\n|-start|p1a: Indeedee|move: Taunt\n|\n|upkeep\n|turn|3\n|\n|t:|1681854558\n|-terastallize|p2b: Vecna|Fire\n|move|p1b: Hatterene|Psychic|p2b: Vecna\n|-damage|p2b: Vecna|36\/100\n|-damage|p1b: Hatterene|91\/100|[from] item: Life Orb\n|move|p1a: Indeedee|Dazzling Gleam|p2b: Vecna|[spread] p2a,p2b\n|-resisted|p2b: Vecna\n|-damage|p2a: Bu Ba Bo Biv|82\/100\n|-damage|p2b: Vecna|31\/100\n|move|p2b: Vecna|Rage Fist|p1b: Hatterene\n|-supereffective|p1b: Hatterene\n|-damage|p1b: Hatterene|0 fnt\n|faint|p1b: Hatterene\n|move|p2a: Bu Ba Bo Biv|Beat Up|p2b: Vecna\n|-damage|p2b: Vecna|29\/100\n|-damage|p2b: Vecna|25\/100\n|-damage|p2b: Vecna|24\/100\n|-damage|p2b: Vecna|21\/100\n|-hitcount|p2b: Vecna|4\n|\n|-heal|p2b: Vecna|27\/100|[from] item: Leftovers\n|upkeep\n|\n|t:|1681854577\n|switch|p1b: Torkoal|Torkoal, L50, M|100\/100\n|-weather|SunnyDay|[from] ability: Drought|[of] p1b: Torkoal\n|turn|4\n|\n|t:|1681854595\n|switch|p2b: Charcuterie|Armarouge, L50, M|100\/100\n|move|p1b: Torkoal|Eruption|p2a: Bu Ba Bo Biv|[spread] p2a\n|-start|p2b: Charcuterie|ability: Flash Fire\n|-damage|p2a: Bu Ba Bo Biv|0 fnt\n|faint|p2a: Bu Ba Bo Biv\n|move|p1a: Indeedee|Dazzling Gleam|p2b: Charcuterie\n|-resisted|p2b: Charcuterie\n|-damage|p2b: Charcuterie|88\/100\n|\n|-weather|SunnyDay|[upkeep]\n|upkeep\n|\n|t:|1681854615\n|switch|p2a: Vecna|Annihilape, L50, F, tera:Fire|27\/100\n|turn|5\n|\n|t:|1681854630\n|move|p2a: Vecna|Protect|p2a: Vecna\n|-singleturn|p2a: Vecna|Protect\n|move|p1b: Torkoal|Earth Power|p2a: Vecna\n|-activate|p2a: Vecna|move: Protect\n|move|p1a: Indeedee|Dazzling Gleam|p2b: Charcuterie|[spread] p2b\n|-activate|p2a: Vecna|move: Protect\n|-resisted|p2b: Charcuterie\n|-damage|p2b: Charcuterie|80\/100\n|move|p2b: Charcuterie|Expanding Force|p1b: Torkoal|[spread] p1a,p1b\n|-damage|p1a: Indeedee|11\/100\n|-damage|p1b: Torkoal|27\/100\n|-damage|p2b: Charcuterie|70\/100|[from] item: Life Orb\n|\n|-weather|SunnyDay|[upkeep]\n|-heal|p2a: Vecna|33\/100|[from] item: Leftovers\n|-end|p1a: Indeedee|move: Taunt\n|-fieldend|move: Trick Room\n|-fieldend|move: Psychic Terrain\n|upkeep\n|turn|6\n|\n|t:|1681854650\n|switch|p2a: Indupitably|Indeedee-F, L50, F|100\/100\n|-fieldstart|move: Psychic Terrain|[from] ability: Psychic Surge|[of] p2a: Indupitably\n|-enditem|p2a: Indupitably|Psychic Seed\n|-boost|p2a: Indupitably|spd|1|[from] item: Psychic Seed\n|switch|p1a: Kingambit|Kingambit, L50, F|100\/100\n|move|p2b: Charcuterie|Protect|p2b: Charcuterie\n|-singleturn|p2b: Charcuterie|Protect\n|move|p1b: Torkoal|Eruption|p2b: Charcuterie|[spread] p2a\n|-activate|p2b: Charcuterie|move: Protect\n|-damage|p2a: Indupitably|90\/100\n|\n|-weather|SunnyDay|[upkeep]\n|upkeep\n|turn|7\n|\n|t:|1681854673\n|move|p2a: Indupitably|Protect|p2a: Indupitably\n|-singleturn|p2a: Indupitably|Protect\n|move|p2b: Charcuterie|Armor Cannon|p1a: Kingambit\n|-supereffective|p1a: Kingambit\n|-crit|p1a: Kingambit\n|-damage|p1a: Kingambit|0 fnt\n|-unboost|p2b: Charcuterie|def|1\n|-unboost|p2b: Charcuterie|spd|1\n|faint|p1a: Kingambit\n|-damage|p2b: Charcuterie|60\/100|[from] item: Life Orb\n|move|p1b: Torkoal|Earth Power|p2b: Charcuterie\n|-supereffective|p2b: Charcuterie\n|-damage|p2b: Charcuterie|0 fnt\n|faint|p2b: Charcuterie\n|\n|-weather|SunnyDay|[upkeep]\n|upkeep\n|\n|t:|1681854680\n|switch|p2b: Vecna|Annihilape, L50, F, tera:Fire|33\/100\n|switch|p1a: Indeedee|Indeedee-F, L50, F, tera:Grass|11\/100\n|turn|8\n|\n|t:|1681854687\n|move|p2a: Indupitably|Follow Me|p2a: Indupitably\n|-singleturn|p2a: Indupitably|move: Follow Me\n|move|p1a: Indeedee|Follow Me|p1a: Indeedee\n|-singleturn|p1a: Indeedee|move: Follow Me\n|move|p2b: Vecna|Drain Punch|p1a: Indeedee\n|-damage|p1a: Indeedee|0 fnt\n|-heal|p2b: Vecna|37\/100|[from] drain|[of] p1a: Indeedee\n|faint|p1a: Indeedee\n|move|p1b: Torkoal|Earth Power|p2a: Indupitably\n|-damage|p2a: Indupitably|73\/100\n|\n|-weather|none\n|-heal|p2b: Vecna|43\/100|[from] item: Leftovers\n|upkeep\n|turn|9\n|\n|t:|1681854706\n|move|p2a: Indupitably|Follow Me|p2a: Indupitably\n|-singleturn|p2a: Indupitably|move: Follow Me\n|move|p2b: Vecna|Rage Fist|p1b: Torkoal\n|-damage|p1b: Torkoal|0 fnt\n|faint|p1b: Torkoal\n|\n|win|IknowLatin\n|raw|Grga04's rating: 1150 → 1124<\/strong> (-26 for losing)\n|raw|IknowLatin's rating: 1133 → 1159<\/strong> (+26 for winning)\n","uploadtime":1681854713,"views":8,"p1id":"grga04","p2id":"iknowlatin","formatid":"gen9vgc2023regulationc","rating":1124,"private":0,"password":""}