{"id":"gen9vgc2023regulationc-1845029159","p1":"That_Leek","p2":"Stache_Official","format":"[Gen 9] VGC 2023 Regulation C","log":"|j|\u2606That_Leek\n|j|\u2606Stache_Official\n|t:|1681675715\n|gametype|doubles\n|player|p1|That_Leek|blue|1194\n|player|p2|Stache_Official|170|1247\n|teamsize|p1|6\n|teamsize|p2|6\n|gen|9\n|tier|[Gen 9] VGC 2023 Regulation C\n|rated|\n|rule|Species Clause: Limit one of each Pok\u00e9mon\n|rule|Item Clause: Limit one of each item\n|clearpoke\n|poke|p1|Tyranitar, L50, F|\n|poke|p1|Gothitelle, L50, M|\n|poke|p1|Gholdengo, L50|\n|poke|p1|Amoonguss, L50, M|\n|poke|p1|Azumarill, L50, M|\n|poke|p1|Arcanine, L50, M|\n|poke|p2|Garganacl, L50, F|\n|poke|p2|Arcanine, L50, M|\n|poke|p2|Grimmsnarl, L50, M|\n|poke|p2|Wo-Chien, L50|\n|poke|p2|Gastrodon, L50, M|\n|poke|p2|Annihilape, L50, F|\n|teampreview|4\nThat_Leek has agreed to open team sheets.\n|inactive|Battle timer is ON: inactive players will automatically lose when time's up. (requested by Stache_Official)\n|inactive|That_Leek has 60 seconds left.\n|inactive|That_Leek has 30 seconds left.\n|\n|t:|1681675799\n|start\n|switch|p1a: Amoonguss|Amoonguss, L50, M|100\/100\n|switch|p1b: Gholdengo|Gholdengo, L50|100\/100\n|switch|p2a: Grimmsnarl|Grimmsnarl, L50, M|100\/100\n|switch|p2b: Annihilape|Annihilape, L50, F|100\/100\n|turn|1\n|inactive|Stache_Official has 30 seconds left.\n|\n|t:|1681675827\n|move|p1a: Amoonguss|Rage Powder|p1a: Amoonguss\n|-singleturn|p1a: Amoonguss|move: Rage Powder\n|move|p2a: Grimmsnarl|Light Screen|p2a: Grimmsnarl\n|-sidestart|p2: Stache_Official|move: Light Screen\n|move|p2b: Annihilape|U-turn|p1a: Amoonguss\n|-crit|p1a: Amoonguss\n|-damage|p1a: Amoonguss|70\/100\n|\n|t:|1681675834\n|switch|p2b: Arcanine|Arcanine, L50, M|100\/100|[from] U-turn\n|-ability|p2b: Arcanine|Intimidate|boost\n|-unboost|p1a: Amoonguss|atk|1\n|-unboost|p1b: Gholdengo|atk|1\n|move|p1b: Gholdengo|Nasty Plot|p1b: Gholdengo\n|-boost|p1b: Gholdengo|spa|2\n|\n|upkeep\n|turn|2\n|\n|t:|1681675851\n|move|p1a: Amoonguss|Rage Powder|p1a: Amoonguss\n|-singleturn|p1a: Amoonguss|move: Rage Powder\n|move|p2b: Arcanine|Snarl|p1a: Amoonguss|[spread] p1a,p1b\n|-supereffective|p1b: Gholdengo\n|-damage|p1a: Amoonguss|62\/100\n|-damage|p1b: Gholdengo|83\/100\n|-unboost|p1b: Gholdengo|spa|1\n|move|p1b: Gholdengo|Nasty Plot|p1b: Gholdengo\n|-boost|p1b: Gholdengo|spa|2\n|move|p2a: Grimmsnarl|Spirit Break|p1a: Amoonguss\n|-resisted|p1a: Amoonguss\n|-damage|p1a: Amoonguss|48\/100\n|\n|upkeep\n|turn|3\n|inactive|Stache_Official has 30 seconds left.\n|\n|t:|1681675877\n|move|p1a: Amoonguss|Rage Powder|p1a: Amoonguss\n|-singleturn|p1a: Amoonguss|move: Rage Powder\n|move|p2b: Arcanine|Snarl|p1b: Gholdengo|[spread] p1a,p1b\n|-supereffective|p1b: Gholdengo\n|-damage|p1a: Amoonguss|41\/100\n|-damage|p1b: Gholdengo|64\/100\n|-unboost|p1b: Gholdengo|spa|1\n|move|p1b: Gholdengo|Nasty Plot|p1b: Gholdengo\n|-boost|p1b: Gholdengo|spa|2\n|move|p2a: Grimmsnarl|Spirit Break|p1a: Amoonguss\n|-resisted|p1a: Amoonguss\n|-damage|p1a: Amoonguss|28\/100\n|\n|upkeep\n|turn|4\n|\n|t:|1681675893\n|move|p1a: Amoonguss|Rage Powder|p1a: Amoonguss\n|-singleturn|p1a: Amoonguss|move: Rage Powder\n|move|p2b: Arcanine|Flare Blitz|p1a: Amoonguss\n|-supereffective|p1a: Amoonguss\n|-damage|p1a: Amoonguss|0 fnt\n|faint|p1a: Amoonguss\n|-damage|p2b: Arcanine|88\/100|[from] Recoil\n|move|p1b: Gholdengo|Make It Rain|p2b: Arcanine|[spread] p2a,p2b\n|-supereffective|p2a: Grimmsnarl\n|-resisted|p2b: Arcanine\n|-damage|p2a: Grimmsnarl|0 fnt\n|-damage|p2b: Arcanine|34\/100\n|-unboost|p1b: Gholdengo|spa|1\n|-enditem|p2b: Arcanine|Sitrus Berry|[eat]\n|-heal|p2b: Arcanine|58\/100|[from] item: Sitrus Berry\n|faint|p2a: Grimmsnarl\n|-damage|p1b: Gholdengo|55\/100|[from] item: Life Orb\n|\n|upkeep\n|\n|t:|1681675906\n|switch|p2a: Annihilape|Annihilape, L50, F|100\/100\n|switch|p1a: Arcanine|Arcanine, L50, M|100\/100\n|-ability|p1a: Arcanine|Intimidate|boost\n|-unboost|p2a: Annihilape|atk|1\n|-ability|p2a: Annihilape|Defiant|boost\n|-boost|p2a: Annihilape|atk|2\n|-unboost|p2b: Arcanine|atk|1\n|turn|5\n|inactive|Stache_Official has 30 seconds left.\n|\n|t:|1681675933\n|move|p1b: Gholdengo|Protect|p1b: Gholdengo\n|-singleturn|p1b: Gholdengo|Protect\n|move|p2a: Annihilape|Rage Fist|p1b: Gholdengo\n|-activate|p1b: Gholdengo|move: Protect\n|move|p1a: Arcanine|Will-O-Wisp|p2a: Annihilape\n|-status|p2a: Annihilape|brn\n|move|p2b: Arcanine|Snarl|p1a: Arcanine|[spread] p1a\n|-activate|p1b: Gholdengo|move: Protect\n|-damage|p1a: Arcanine|90\/100\n|-unboost|p1a: Arcanine|spa|1\n|\n|-damage|p2a: Annihilape|95\/100 brn|[from] brn\n|upkeep\n|turn|6\n|\n|t:|1681675949\n|switch|p2a: Wo-Chien|Wo-Chien, L50|100\/100\n|-ability|p2a: Wo-Chien|Tablets of Ruin\n|-terastallize|p1b: Gholdengo|Water\n|move|p1a: Arcanine|Extreme Speed|p2b: Arcanine\n|-damage|p2b: Arcanine|39\/100\n|move|p2b: Arcanine|Flare Blitz|p1b: Gholdengo\n|-resisted|p1b: Gholdengo\n|-damage|p1b: Gholdengo|43\/100\n|-damage|p2b: Arcanine|35\/100|[from] Recoil\n|move|p1b: Gholdengo|Shadow Ball|p2a: Wo-Chien\n|-resisted|p2a: Wo-Chien\n|-damage|p2a: Wo-Chien|63\/100\n|-damage|p1b: Gholdengo|33\/100|[from] item: Life Orb\n|\n|-heal|p2a: Wo-Chien|69\/100|[from] item: Leftovers\n|upkeep\n|turn|7\n|\n|t:|1681675970\n|switch|p1a: Tyranitar|Tyranitar, L50, F|100\/100\n|-weather|Sandstorm|[from] ability: Sand Stream|[of] p1a: Tyranitar\n|switch|p2a: Annihilape|Annihilape, L50, F|95\/100 brn\n|-terastallize|p2b: Arcanine|Water\n|move|p1b: Gholdengo|Protect|p1b: Gholdengo\n|-singleturn|p1b: Gholdengo|Protect\n|move|p2b: Arcanine|Snarl|p1b: Gholdengo|[spread] p1a\n|-activate|p1b: Gholdengo|move: Protect\n|-resisted|p1a: Tyranitar\n|-damage|p1a: Tyranitar|99\/100\n|-unboost|p1a: Tyranitar|spa|1\n|\n|-weather|Sandstorm|[upkeep]\n|-damage|p2a: Annihilape|89\/100 brn|[from] Sandstorm\n|-damage|p2b: Arcanine|29\/100|[from] Sandstorm\n|-damage|p1b: Gholdengo|27\/100|[from] Sandstorm\n|-damage|p2a: Annihilape|83\/100 brn|[from] brn\n|upkeep\n|turn|8\n|\n|t:|1681675992\n|move|p2a: Annihilape|Drain Punch|p1a: Tyranitar\n|-supereffective|p1a: Tyranitar\n|-damage|p1a: Tyranitar|44\/100\n|-heal|p2a: Annihilape|100\/100 brn|[from] drain|[of] p1a: Tyranitar\n|move|p2b: Arcanine|Snarl|p1b: Gholdengo|[spread] p1a,p1b\n|-resisted|p1a: Tyranitar\n|-damage|p1a: Tyranitar|43\/100\n|-damage|p1b: Gholdengo|19\/100\n|-unboost|p1a: Tyranitar|spa|1\n|-unboost|p1b: Gholdengo|spa|1\n|move|p1b: Gholdengo|Shadow Ball|p2a: Annihilape\n|-supereffective|p2a: Annihilape\n|-damage|p2a: Annihilape|0 fnt\n|faint|p2a: Annihilape\n|-damage|p1b: Gholdengo|9\/100|[from] item: Life Orb\n|move|p1a: Tyranitar|Rock Slide|p2b: Arcanine\n|-damage|p2b: Arcanine|0 fnt\n|faint|p2b: Arcanine\n|\n|-weather|Sandstorm|[upkeep]\n|-damage|p1b: Gholdengo|3\/100|[from] Sandstorm\n|-sideend|p2: Stache_Official|move: Light Screen\n|upkeep\n|\n|t:|1681676004\n|switch|p2b: Wo-Chien|Wo-Chien, L50|69\/100\n|-ability|p2b: Wo-Chien|Tablets of Ruin\n|turn|9\n|\n|t:|1681676008\n|move|p1b: Gholdengo|Make It Rain|p2b: Wo-Chien\n|-damage|p2b: Wo-Chien|0 fnt\n|-unboost|p1b: Gholdengo|spa|1\n|faint|p2b: Wo-Chien\n|-damage|p1b: Gholdengo|0 fnt|[from] item: Life Orb\n|faint|p1b: Gholdengo\n|\n|win|That_Leek\n|raw|That_Leek's rating: 1194 → 1223<\/strong> (+29 for winning)\n|raw|Stache_Official's rating: 1247 → 1218<\/strong> (-29 for losing)\n|l|\u2606Stache_Official\n","uploadtime":1681676016,"views":5,"p1id":"thatleek","p2id":"stacheofficial","formatid":"gen9vgc2023regulationc","rating":1218,"private":0,"password":""}