{"id":"gen9vgc2023regulationc-1859839278","p1":"Juanskills10","p2":"AnthonyL","format":"[Gen 9] VGC 2023 Regulation C","log":"|j|\u2606Juanskills10\n|j|\u2606AnthonyL\n|t:|1683568826\n|gametype|doubles\n|player|p1|Juanskills10|265|1367\n|player|p2|AnthonyL|lucas|1453\n|teamsize|p1|6\n|teamsize|p2|6\n|gen|9\n|tier|[Gen 9] VGC 2023 Regulation C\n|rated|\n|rule|Species Clause: Limit one of each Pok\u00e9mon\n|rule|Item Clause: Limit one of each item\n|clearpoke\n|poke|p1|Iron Bundle, L50|\n|poke|p1|Abomasnow, L50, F|\n|poke|p1|Klawf, L50, M|\n|poke|p1|Ting-Lu, L50|\n|poke|p1|Rotom-Heat, L50|\n|poke|p1|Vivillon, L50, M|\n|poke|p2|Garchomp, L50, M|\n|poke|p2|Gyarados, L50, M|\n|poke|p2|Amoonguss, L50, M|\n|poke|p2|Corviknight, L50, F|\n|poke|p2|Tyranitar, L50, F|\n|poke|p2|Lycanroc, L50, F|\n|teampreview|4\n|inactive|Battle timer is ON: inactive players will automatically lose when time's up. (requested by Juanskills10)\nAnthonyL has agreed to open team sheets.\n|\n|t:|1683568876\n|start\n|switch|p1a: Iron Bundle|Iron Bundle, L50|100\/100\n|switch|p1b: Ting-Lu|Ting-Lu, L50|100\/100\n|switch|p2a: Lycanroc|Lycanroc, L50, F|100\/100\n|switch|p2b: Gyarados|Gyarados, L50, M|100\/100\n|-ability|p2b: Gyarados|Intimidate|boost\n|-unboost|p1a: Iron Bundle|atk|1\n|-unboost|p1b: Ting-Lu|atk|1\n|-ability|p1b: Ting-Lu|Vessel of Ruin\n|-enditem|p1a: Iron Bundle|Booster Energy\n|-activate|p1a: Iron Bundle|ability: Quark Drive|[fromitem]\n|-start|p1a: Iron Bundle|quarkdrivespe\n|turn|1\n|\n|t:|1683568891\n|-end|p1a: Iron Bundle|Quark Drive|[silent]\n|switch|p1a: Vivillon|Vivillon, L50, M|100\/100\n|switch|p2b: Tyranitar|Tyranitar, L50, F|100\/100\n|-weather|Sandstorm|[from] ability: Sand Stream|[of] p2b: Tyranitar\n|move|p2a: Lycanroc|Rock Slide|p1a: Vivillon|[spread] p1a,p1b\n|-supereffective|p1a: Vivillon\n|-resisted|p1b: Ting-Lu\n|-enditem|p1a: Vivillon|Focus Sash\n|-damage|p1a: Vivillon|1\/100\n|-damage|p1b: Ting-Lu|95\/100\n|cant|p1b: Ting-Lu|flinch\n|\n|-weather|Sandstorm|[upkeep]\n|-damage|p1a: Vivillon|0 fnt|[from] Sandstorm\n|faint|p1a: Vivillon\n|upkeep\n|\n|t:|1683568904\n|switch|p1a: Abomasnow|Abomasnow, L50, F|100\/100\n|-weather|Snow|[from] ability: Snow Warning|[of] p1a: Abomasnow\n|turn|2\n|\n|t:|1683568917\n|switch|p2b: Gyarados|Gyarados, L50, M|100\/100\n|-ability|p2b: Gyarados|Intimidate|boost\n|-unboost|p1a: Abomasnow|atk|1\n|-unboost|p1b: Ting-Lu|atk|1\n|-terastallize|p1a: Abomasnow|Water\n|move|p2a: Lycanroc|Protect|p2a: Lycanroc\n|-singleturn|p2a: Lycanroc|Protect\n|move|p1a: Abomasnow|Blizzard|p2b: Gyarados|[spread] p2b\n|-activate|p2a: Lycanroc|move: Protect\n|-crit|p2b: Gyarados\n|-damage|p2b: Gyarados|64\/100\n|-damage|p1a: Abomasnow|91\/100|[from] item: Life Orb\n|move|p1b: Ting-Lu|Stomping Tantrum|p2a: Lycanroc\n|-activate|p2a: Lycanroc|move: Protect\n|\n|-weather|Snow|[upkeep]\n|upkeep\n|turn|3\n|\n|t:|1683568934\n|switch|p1a: Iron Bundle|Iron Bundle, L50|100\/100\n|move|p2a: Lycanroc|Rock Slide|p1a: Iron Bundle|[spread] p1a,p1b\n|-supereffective|p1a: Iron Bundle\n|-resisted|p1b: Ting-Lu\n|-damage|p1a: Iron Bundle|56\/100\n|-damage|p1b: Ting-Lu|86\/100\n|move|p2b: Gyarados|Waterfall|p1b: Ting-Lu\n|-supereffective|p1b: Ting-Lu\n|-damage|p1b: Ting-Lu|46\/100\n|move|p1b: Ting-Lu|Stomping Tantrum|p2a: Lycanroc\n|-supereffective|p2a: Lycanroc\n|-damage|p2a: Lycanroc|4\/100\n|\n|-weather|Snow|[upkeep]\n|upkeep\n|turn|4\n|\n|t:|1683568953\n|switch|p2b: Tyranitar|Tyranitar, L50, F|100\/100\n|-weather|Sandstorm|[from] ability: Sand Stream|[of] p2b: Tyranitar\n|move|p2a: Lycanroc|Protect|p2a: Lycanroc\n|-singleturn|p2a: Lycanroc|Protect\n|move|p1a: Iron Bundle|Icy Wind|p2a: Lycanroc|[spread] p2b\n|-activate|p2a: Lycanroc|move: Protect\n|-damage|p2b: Tyranitar|96\/100\n|-unboost|p2b: Tyranitar|spe|1\n|move|p1b: Ting-Lu|Stomping Tantrum|p2b: Tyranitar\n|-supereffective|p2b: Tyranitar\n|-damage|p2b: Tyranitar|51\/100\n|\n|-weather|Sandstorm|[upkeep]\n|-damage|p1a: Iron Bundle|50\/100|[from] Sandstorm\n|upkeep\n|turn|5\n|\n|t:|1683568971\n|switch|p2a: Gyarados|Gyarados, L50, M|64\/100\n|-ability|p2a: Gyarados|Intimidate|boost\n|-unboost|p1a: Iron Bundle|atk|1\n|-unboost|p1b: Ting-Lu|atk|1\n|-end|p1a: Iron Bundle|Quark Drive|[silent]\n|switch|p1a: Abomasnow|Abomasnow, L50, F, tera:Water|91\/100\n|-weather|Snow|[from] ability: Snow Warning|[of] p1a: Abomasnow\n|move|p1b: Ting-Lu|Stomping Tantrum|p2a: Gyarados\n|-immune|p2a: Gyarados\n|move|p2b: Tyranitar|Rock Slide|p1b: Ting-Lu|[spread] p1a,p1b\n|-resisted|p1b: Ting-Lu\n|-damage|p1a: Abomasnow|53\/100\n|-damage|p1b: Ting-Lu|37\/100\n|\n|-weather|Snow|[upkeep]\n|upkeep\n|turn|6\n|\n|t:|1683568993\n|move|p2a: Gyarados|Waterfall|p1b: Ting-Lu\n|-supereffective|p1b: Ting-Lu\n|-damage|p1b: Ting-Lu|0 fnt\n|faint|p1b: Ting-Lu\n|move|p1a: Abomasnow|Blizzard|p2b: Tyranitar|[spread] p2a,p2b\n|-damage|p2a: Gyarados|29\/100\n|-damage|p2b: Tyranitar|25\/100\n|-damage|p1a: Abomasnow|43\/100|[from] item: Life Orb\n|move|p2b: Tyranitar|Rock Slide|p1a: Abomasnow\n|-damage|p1a: Abomasnow|0 fnt\n|faint|p1a: Abomasnow\n|\n|-weather|Snow|[upkeep]\n|upkeep\n|\n|t:|1683569003\n|switch|p1b: Iron Bundle|Iron Bundle, L50|50\/100\n|turn|7\n|\n|t:|1683569009\n|switch|p2b: Garchomp|Garchomp, L50, M|100\/100\n|move|p1b: Iron Bundle|Blizzard|p2b: Garchomp|[spread] p2a,p2b\n|-supereffective|p2b: Garchomp\n|-damage|p2a: Gyarados|1\/100\n|-damage|p2b: Garchomp|0 fnt\n|faint|p2b: Garchomp\n|move|p2a: Gyarados|Thunder Wave|p1b: Iron Bundle\n|-status|p1b: Iron Bundle|par\n|\n|-weather|Snow|[upkeep]\n|upkeep\n|\n|t:|1683569011\n|switch|p2b: Tyranitar|Tyranitar, L50, F|25\/100\n|-weather|Sandstorm|[from] ability: Sand Stream|[of] p2b: Tyranitar\n|turn|8\n|-message|Juanskills10 forfeited.\n|\n|win|AnthonyL\n|raw|Juanskills10's rating: 1367 → 1352<\/strong> (-15 for losing)\n|raw|AnthonyL's rating: 1453 → 1468<\/strong> (+15 for winning)\n|l|\u2606Juanskills10\n","uploadtime":1683569023,"views":13,"p1id":"juanskills10","p2id":"anthonyl","formatid":"gen9vgc2023regulationc","rating":1352,"private":0,"password":""}