{"id":"gen9vgc2023regulationc-1856211212","p1":"NicoHaxVGC","p2":"hit2000gun","format":"[Gen 9] VGC 2023 Regulation C","log":"|j|\u2606NicoHaxVGC\n|j|\u2606hit2000gun\n|t:|1683041132\n|gametype|doubles\n|player|p1|NicoHaxVGC|hilbert-wonderlauncher|1344\n|player|p2|hit2000gun|170|1332\n|teamsize|p1|6\n|teamsize|p2|6\n|gen|9\n|tier|[Gen 9] VGC 2023 Regulation C\n|rated|\n|rule|Species Clause: Limit one of each Pok\u00e9mon\n|rule|Item Clause: Limit one of each item\n|clearpoke\n|poke|p1|Talonflame, L50, M|\n|poke|p1|Chien-Pao, L50|\n|poke|p1|Amoonguss, L50, F|\n|poke|p1|Iron Bundle, L50|\n|poke|p1|Flutter Mane, L50|\n|poke|p1|Great Tusk, L50|\n|poke|p2|Torkoal, L50, F|\n|poke|p2|Jumpluff, L50, F|\n|poke|p2|Great Tusk, L50|\n|poke|p2|Flutter Mane, L50|\n|poke|p2|Kingambit, L50, F|\n|poke|p2|Chien-Pao, L50|\n|teampreview|4\n|inactive|Battle timer is ON: inactive players will automatically lose when time's up. (requested by NicoHaxVGC)\n|inactive|hit2000gun has 60 seconds left.\n|\n|t:|1683041183\n|start\n|switch|p1a: Talonflame|Talonflame, L50, M|100\/100\n|switch|p1b: Great Tusk|Great Tusk, L50|100\/100\n|switch|p2a: Great Tusk|Great Tusk, L50|100\/100\n|switch|p2b: Torkoal|Torkoal, L50, F|100\/100\n|-weather|SunnyDay|[from] ability: Drought|[of] p2b: Torkoal\n|-activate|p1b: Great Tusk|ability: Protosynthesis\n|-start|p1b: Great Tusk|protosynthesisatk\n|-activate|p2a: Great Tusk|ability: Protosynthesis\n|-start|p2a: Great Tusk|protosynthesisatk\n|turn|1\n|\n|t:|1683041209\n|-terastallize|p2b: Torkoal|Flying\n|move|p1a: Talonflame|Tailwind|p1a: Talonflame\n|-sidestart|p1: NicoHaxVGC|move: Tailwind\n|move|p1b: Great Tusk|Rock Slide|p2b: Torkoal|[spread] p2a,p2b\n|-resisted|p2a: Great Tusk\n|-supereffective|p2b: Torkoal\n|-damage|p2a: Great Tusk|96\/100\n|-damage|p2b: Torkoal|57\/100\n|move|p2a: Great Tusk|Rock Slide|p1a: Talonflame|[spread] p1a,p1b\n|-supereffective|p1a: Talonflame\n|-resisted|p1b: Great Tusk\n|-crit|p1b: Great Tusk\n|-damage|p1a: Talonflame|0 fnt\n|-damage|p1b: Great Tusk|93\/100\n|faint|p1a: Talonflame\n|move|p2b: Torkoal|Eruption|p1b: Great Tusk\n|-damage|p1b: Great Tusk|11\/100\n|\n|-weather|SunnyDay|[upkeep]\n|upkeep\n|\n|t:|1683041233\n|switch|p1a: Chien-Pao|Chien-Pao, L50|100\/100\n|-ability|p1a: Chien-Pao|Sword of Ruin\n|turn|2\n|\n|t:|1683041248\n|move|p1b: Great Tusk|Rock Slide|p2a: Great Tusk|[spread] p2a,p2b\n|-resisted|p2a: Great Tusk\n|-supereffective|p2b: Torkoal\n|-damage|p2a: Great Tusk|89\/100\n|-damage|p2b: Torkoal|0 fnt\n|faint|p2b: Torkoal\n|move|p1a: Chien-Pao|Ice Spinner|p2a: Great Tusk\n|-supereffective|p2a: Great Tusk\n|-damage|p2a: Great Tusk|3\/100\n|move|p2a: Great Tusk|Rock Slide|p1b: Great Tusk|[spread] p1a,p1b\n|-supereffective|p1a: Chien-Pao\n|-resisted|p1b: Great Tusk\n|-damage|p1a: Chien-Pao|20\/100\n|-damage|p1b: Great Tusk|4\/100\n|\n|-weather|SunnyDay|[upkeep]\n|upkeep\n|\n|t:|1683041255\n|switch|p2b: Chien-Pao|Chien-Pao, L50|100\/100\n|-ability|p2b: Chien-Pao|Sword of Ruin\n|turn|3\n|\n|t:|1683041280\n|-end|p1b: Great Tusk|Protosynthesis|[silent]\n|switch|p1b: Cyborg|Iron Bundle, L50|100\/100\n|-enditem|p1b: Cyborg|Booster Energy\n|-activate|p1b: Cyborg|ability: Quark Drive|[fromitem]\n|-start|p1b: Cyborg|quarkdrivespe\n|move|p1a: Chien-Pao|Sucker Punch|p2a: Great Tusk\n|-resisted|p2a: Great Tusk\n|-damage|p2a: Great Tusk|0 fnt\n|faint|p2a: Great Tusk\n|-end|p2a: Great Tusk|Protosynthesis|[silent]\n|move|p2b: Chien-Pao|Sucker Punch||[still]\n|-fail|p2b: Chien-Pao\n|\n|-weather|SunnyDay|[upkeep]\n|upkeep\n|\n|t:|1683041288\n|switch|p2a: Flutter Mane|Flutter Mane, L50|100\/100\n|-activate|p2a: Flutter Mane|ability: Protosynthesis\n|-start|p2a: Flutter Mane|protosynthesisspe\n|turn|4\n|\n|t:|1683041310\n|move|p2a: Flutter Mane|Protect|p2a: Flutter Mane\n|-singleturn|p2a: Flutter Mane|Protect\n|move|p2b: Chien-Pao|Sucker Punch|p1a: Chien-Pao\n|-resisted|p1a: Chien-Pao\n|-damage|p1a: Chien-Pao|0 fnt\n|faint|p1a: Chien-Pao\n|move|p1b: Cyborg|Icy Wind|p2b: Chien-Pao|[spread] \n|-activate|p2a: Flutter Mane|move: Protect\n|-miss|p1b: Cyborg|p2b: Chien-Pao\n|\n|-weather|SunnyDay|[upkeep]\n|-sideend|p1: NicoHaxVGC|move: Tailwind\n|upkeep\n|\n|t:|1683041316\n|switch|p1a: Great Tusk|Great Tusk, L50|4\/100\n|-activate|p1a: Great Tusk|ability: Protosynthesis\n|-start|p1a: Great Tusk|protosynthesisatk\n|turn|5\n|\n|t:|1683041329\n|move|p2b: Chien-Pao|Sucker Punch|p1a: Great Tusk\n|-resisted|p1a: Great Tusk\n|-crit|p1a: Great Tusk\n|-damage|p1a: Great Tusk|0 fnt\n|faint|p1a: Great Tusk\n|-end|p1a: Great Tusk|Protosynthesis|[silent]\n|move|p1b: Cyborg|Icy Wind|p2a: Flutter Mane|[spread] p2a,p2b\n|-resisted|p2b: Chien-Pao\n|-damage|p2a: Flutter Mane|83\/100\n|-damage|p2b: Chien-Pao|85\/100\n|-unboost|p2a: Flutter Mane|spe|1\n|-unboost|p2b: Chien-Pao|spe|1\n|move|p2a: Flutter Mane|Moonblast|p1b: Cyborg\n|-damage|p1b: Cyborg|0 fnt\n|faint|p1b: Cyborg\n|-end|p1b: Cyborg|Quark Drive|[silent]\n|-damage|p2a: Flutter Mane|73\/100|[from] item: Life Orb\n|\n|win|hit2000gun\n|raw|NicoHaxVGC's rating: 1344 → 1323<\/strong> (-21 for losing)\n|raw|hit2000gun's rating: 1332 → 1353<\/strong> (+21 for winning)\n|l|\u2606hit2000gun\n","uploadtime":1683041352,"views":11,"p1id":"nicohaxvgc","p2id":"hit2000gun","formatid":"gen9vgc2023regulationc","rating":1323,"private":0,"password":""}