{"id":"gen9vgc2023regulationc-1844931429","p1":"12123434a","p2":"bil101010","format":"[Gen 9] VGC 2023 Regulation C","log":"|j|\u260612123434a\n|j|\u2606bil101010\n|t:|1681665407\n|gametype|doubles\n|player|p1|12123434a|twins-gen4dp|1033\n|player|p2|bil101010|265|1129\n|teamsize|p1|6\n|teamsize|p2|6\n|gen|9\n|tier|[Gen 9] VGC 2023 Regulation C\n|rated|\n|rule|Species Clause: Limit one of each Pok\u00e9mon\n|rule|Item Clause: Limit one of each item\n|clearpoke\n|poke|p1|Brute Bonnet, L50|\n|poke|p1|Arboliva, L50, F|\n|poke|p1|Ceruledge, L50, F|\n|poke|p1|Roaring Moon, L50|\n|poke|p1|Torkoal, L50, M|\n|poke|p1|Armarouge, L50, F|\n|poke|p2|Slither Wing, L50|\n|poke|p2|Grafaiai, L50, F|\n|poke|p2|Torkoal, L50, M|\n|poke|p2|Lilligant, L50, F|\n|poke|p2|Sandy Shocks, L50|\n|poke|p2|Annihilape, L50, F|\n|teampreview|4\n|inactive|Battle timer is ON: inactive players will automatically lose when time's up. (requested by 12123434a)\n|inactive|bil101010 has 60 seconds left.\n|\n|t:|1681665437\n|start\n|switch|p1a: Armarouge|Armarouge, L50, F|100\/100\n|switch|p1b: Arboliva|Arboliva, L50, F|100\/100\n|switch|p2a: Grafaiai|Grafaiai, L50, F|100\/100\n|switch|p2b: Sandy Shocks|Sandy Shocks, L50|100\/100\n|turn|1\n|\n|t:|1681665460\n|move|p1a: Armarouge|Protect|p1a: Armarouge\n|-singleturn|p1a: Armarouge|Protect\n|move|p2a: Grafaiai|Parting Shot|p1b: Arboliva\n|-unboost|p1b: Arboliva|atk|1\n|-unboost|p1b: Arboliva|spa|1\n|\n|t:|1681665465\n|switch|p2a: Torkoal|Torkoal, L50, M|100\/100|[from] Parting Shot\n|-weather|SunnyDay|[from] ability: Drought|[of] p2a: Torkoal\n|-activate|p2b: Sandy Shocks|ability: Protosynthesis\n|-start|p2b: Sandy Shocks|protosynthesisspa\n|move|p2b: Sandy Shocks|Earth Power|p1a: Armarouge\n|-activate|p1a: Armarouge|move: Protect\n|move|p1b: Arboliva|Sunny Day||[still]\n|-fail|p1b: Arboliva\n|\n|-weather|SunnyDay|[upkeep]\n|upkeep\n|turn|2\n|\n|t:|1681665481\n|move|p2b: Sandy Shocks|Earth Power|p1a: Armarouge\n|-supereffective|p1a: Armarouge\n|-damage|p1a: Armarouge|0 fnt\n|faint|p1a: Armarouge\n|move|p1b: Arboliva|Leech Seed|p2b: Sandy Shocks\n|-start|p2b: Sandy Shocks|move: Leech Seed\n|move|p2a: Torkoal|Overheat|p1b: Arboliva\n|-supereffective|p1b: Arboliva\n|-damage|p1b: Arboliva|0 fnt\n|-unboost|p2a: Torkoal|spa|2\n|-enditem|p2a: Torkoal|Eject Pack\n|-fieldstart|move: Grassy Terrain|[from] ability: Seed Sower|[of] p1b: Arboliva\n|faint|p1b: Arboliva\n|\n|t:|1681665493\n|switch|p2a: Slither Wing|Slither Wing, L50|100\/100\n|-activate|p2a: Slither Wing|ability: Protosynthesis\n|-start|p2a: Slither Wing|protosynthesisatk\n|\n|-weather|SunnyDay|[upkeep]\n|upkeep\n|\n|t:|1681665495\n|switch|p1a: Brute Bonnet|Brute Bonnet, L50|100\/100\n|switch|p1b: Torkoal|Torkoal, L50, M|100\/100\n|-activate|p1a: Brute Bonnet|ability: Protosynthesis\n|-start|p1a: Brute Bonnet|protosynthesisatk\n|turn|3\n|\n|t:|1681665518\n|-terastallize|p2a: Slither Wing|Fire\n|-terastallize|p1a: Brute Bonnet|Fire\n|move|p1b: Torkoal|Protect|p1b: Torkoal\n|-singleturn|p1b: Torkoal|Protect\n|move|p2a: Slither Wing|First Impression|p1a: Brute Bonnet\n|-resisted|p1a: Brute Bonnet\n|-damage|p1a: Brute Bonnet|76\/100\n|move|p2b: Sandy Shocks|Earth Power|p1b: Torkoal\n|-activate|p1b: Torkoal|move: Protect\n|move|p1a: Brute Bonnet|Bullet Seed|p2b: Sandy Shocks\n|-supereffective|p2b: Sandy Shocks\n|-damage|p2b: Sandy Shocks|43\/100\n|-supereffective|p2b: Sandy Shocks\n|-damage|p2b: Sandy Shocks|0 fnt\n|faint|p2b: Sandy Shocks\n|-end|p2b: Sandy Shocks|Protosynthesis|[silent]\n|-hitcount|p2: Sandy Shocks|2\n|\n|-weather|SunnyDay|[upkeep]\n|-heal|p1a: Brute Bonnet|82\/100|[from] Grassy Terrain\n|upkeep\n|\n|t:|1681665536\n|switch|p2b: Grafaiai|Grafaiai, L50, F|100\/100\n|turn|4\n|inactive|bil101010 has 30 seconds left.\n|-activate|p1b: Torkoal|item: Quick Claw\n|\n|t:|1681665567\n|move|p2b: Grafaiai|Parting Shot|p1b: Torkoal\n|-unboost|p1b: Torkoal|atk|1\n|-unboost|p1b: Torkoal|spa|1\n|\n|t:|1681665573\n|switch|p2b: Torkoal|Torkoal, L50, M|100\/100|[from] Parting Shot\n|move|p1b: Torkoal|Eruption|p2b: Torkoal|[spread] p2a,p2b\n|-resisted|p2a: Slither Wing\n|-resisted|p2b: Torkoal\n|-damage|p2a: Slither Wing|83\/100\n|-damage|p2b: Torkoal|67\/100\n|move|p2a: Slither Wing|Close Combat|p1b: Torkoal\n|-crit|p1b: Torkoal\n|-damage|p1b: Torkoal|11\/100\n|-unboost|p2a: Slither Wing|def|1\n|-unboost|p2a: Slither Wing|spd|1\n|move|p1a: Brute Bonnet|Spore|p2a: Slither Wing\n|-status|p2a: Slither Wing|slp|[from] move: Spore\n|\n|-weather|SunnyDay|[upkeep]\n|-heal|p2a: Slither Wing|89\/100 slp|[from] Grassy Terrain\n|-heal|p1a: Brute Bonnet|88\/100|[from] Grassy Terrain\n|-heal|p2b: Torkoal|73\/100|[from] Grassy Terrain\n|-heal|p1b: Torkoal|18\/100|[from] Grassy Terrain\n|upkeep\n|turn|5\n|inactive|bil101010 has 30 seconds left.\n|\n|t:|1681665605\n|-end|p2a: Slither Wing|Protosynthesis|[silent]\n|switch|p2a: Grafaiai|Grafaiai, L50, F|100\/100\n|move|p1a: Brute Bonnet|Crunch|p2b: Torkoal\n|-damage|p2b: Torkoal|32\/100\n|move|p1b: Torkoal|Earth Power|p2b: Torkoal\n|-supereffective|p2b: Torkoal\n|-damage|p2b: Torkoal|0 fnt\n|faint|p2b: Torkoal\n|\n|-weather|none\n|-end|p1a: Brute Bonnet|Protosynthesis\n|-heal|p1a: Brute Bonnet|94\/100|[from] Grassy Terrain\n|-heal|p1b: Torkoal|24\/100|[from] Grassy Terrain\n|upkeep\n|\n|t:|1681665616\n|switch|p2b: Slither Wing|Slither Wing, L50, tera:Fire|89\/100 slp\n|turn|6\n|\n|t:|1681665626\n|move|p1b: Torkoal|Protect|p1b: Torkoal\n|-singleturn|p1b: Torkoal|Protect\n|cant|p2b: Slither Wing|slp\n|move|p2a: Grafaiai|Knock Off|p1b: Torkoal\n|-activate|p1b: Torkoal|move: Protect\n|move|p1a: Brute Bonnet|Spore|p2a: Grafaiai\n|-status|p2a: Grafaiai|slp|[from] move: Spore\n|\n|-heal|p2b: Slither Wing|95\/100 slp|[from] Grassy Terrain\n|-heal|p1a: Brute Bonnet|99\/100|[from] Grassy Terrain\n|-heal|p1b: Torkoal|30\/100|[from] Grassy Terrain\n|-fieldend|move: Grassy Terrain\n|upkeep\n|turn|7\n|-activate|p1b: Torkoal|item: Quick Claw\n|\n|t:|1681665645\n|cant|p2a: Grafaiai|slp\n|move|p1b: Torkoal|Earth Power|p2b: Slither Wing\n|-supereffective|p2b: Slither Wing\n|-damage|p2b: Slither Wing|71\/100 slp\n|cant|p2b: Slither Wing|slp\n|move|p1a: Brute Bonnet|Crunch|p2a: Grafaiai\n|-damage|p2a: Grafaiai|33\/100 slp\n|\n|upkeep\n|turn|8\n|-activate|p1b: Torkoal|item: Quick Claw\n|\n|t:|1681665659\n|-curestatus|p2a: Grafaiai|slp|[msg]\n|move|p2a: Grafaiai|Parting Shot|p1a: Brute Bonnet\n|-unboost|p1a: Brute Bonnet|atk|1\n|-unboost|p1a: Brute Bonnet|spa|1\n|move|p1b: Torkoal|Earth Power|p2a: Grafaiai\n|-supereffective|p2a: Grafaiai\n|-damage|p2a: Grafaiai|2\/100\n|-unboost|p2a: Grafaiai|spd|1\n|cant|p2b: Slither Wing|slp\n|move|p1a: Brute Bonnet|Crunch|p2b: Slither Wing\n|-damage|p2b: Slither Wing|30\/100 slp\n|\n|upkeep\n|turn|9\n|-activate|p1b: Torkoal|item: Quick Claw\n|\n|t:|1681665676\n|move|p2a: Grafaiai|Parting Shot|p1a: Brute Bonnet\n|-unboost|p1a: Brute Bonnet|atk|1\n|-unboost|p1a: Brute Bonnet|spa|1\n|move|p1b: Torkoal|Eruption|p2b: Slither Wing|[spread] p2a,p2b\n|-resisted|p2b: Slither Wing\n|-damage|p2a: Grafaiai|0 fnt\n|-damage|p2b: Slither Wing|26\/100 slp\n|faint|p2a: Grafaiai\n|-curestatus|p2b: Slither Wing|slp|[msg]\n|move|p2b: Slither Wing|Leech Life|p1b: Torkoal\n|-resisted|p1b: Torkoal\n|-damage|p1b: Torkoal|14\/100\n|-heal|p2b: Slither Wing|33\/100|[from] drain|[of] p1b: Torkoal\n|move|p1a: Brute Bonnet|Spore|p2b: Slither Wing\n|-status|p2b: Slither Wing|slp|[from] move: Spore\n|\n|upkeep\n|turn|10\n|-message|bil101010 forfeited.\n|\n|win|12123434a\n|raw|12123434a's rating: 1033 → 1077<\/strong> (+44 for winning)\n|raw|bil101010's rating: 1129 → 1097<\/strong> (-32 for losing)\n|l|\u2606bil101010\n|c|\u260612123434a|Ggs\n","uploadtime":1681665707,"views":8,"p1id":"12123434a","p2id":"bil101010","formatid":"gen9vgc2023regulationc","rating":1077,"private":0,"password":""}