{"id":"gen9vgc2023regulationc-1856968012","p1":"Drayagedrag0","p2":"unduetrequattro","format":"[Gen 9] VGC 2023 Regulation C","log":"|j|\u2606Drayagedrag0\n|j|\u2606unduetrequattro\n|t:|1683131618\n|gametype|doubles\n|player|p1|Drayagedrag0|266|1349\n|player|p2|unduetrequattro|170|1264\n|teamsize|p1|6\n|teamsize|p2|6\n|gen|9\n|tier|[Gen 9] VGC 2023 Regulation C\n|rated|\n|rule|Species Clause: Limit one of each Pok\u00e9mon\n|rule|Item Clause: Limit one of each item\n|clearpoke\n|poke|p1|Dragapult, L50, M|\n|poke|p1|Chien-Pao, L50|\n|poke|p1|Iron Bundle, L50|\n|poke|p1|Kingambit, L50, M|\n|poke|p1|Gholdengo, L50|\n|poke|p1|Murkrow, L50, F|\n|poke|p2|Palafin, L50, F|\n|poke|p2|Flutter Mane, L50|\n|poke|p2|Gholdengo, L50|\n|poke|p2|Arcanine, L50, F|\n|poke|p2|Amoonguss, L50, M|\n|poke|p2|Pelipper, L50, F|\n|teampreview|4\n|inactive|Battle timer is ON: inactive players will automatically lose when time's up. (requested by Drayagedrag0)\nDrayagedrag0 rejected open team sheets.\n|inactive|unduetrequattro has 60 seconds left.\n|inactive|unduetrequattro has 30 seconds left.\n|inactive|unduetrequattro has 20 seconds left.\n|inactive|unduetrequattro has 15 seconds left.\n|inactive|unduetrequattro has 10 seconds left.\n|inactive|unduetrequattro has 5 seconds left.\n|\n|t:|1683131748\n|start\n|switch|p1a: Banshee|Dragapult, L50, M|100\/100\n|switch|p1b: Pablo|Iron Bundle, L50|100\/100\n|switch|p2a: Palafin|Palafin, L50, F|100\/100\n|switch|p2b: Pelipper|Pelipper, L50, F|100\/100\n|-weather|RainDance|[from] ability: Drizzle|[of] p2b: Pelipper\n|-enditem|p1b: Pablo|Booster Energy\n|-activate|p1b: Pablo|ability: Quark Drive|[fromitem]\n|-start|p1b: Pablo|quarkdrivespe\n|turn|1\n|\n|t:|1683131773\n|detailschange|p2a: Palafin|Palafin-Hero, L50, F\n|switch|p2a: Amoonguss|Amoonguss, L50, M|100\/100\n|move|p1b: Pablo|Icy Wind|p2b: Pelipper|[spread] p2a,p2b\n|-supereffective|p2a: Amoonguss\n|-damage|p2a: Amoonguss|62\/100\n|-damage|p2b: Pelipper|63\/100\n|-unboost|p2a: Amoonguss|spe|1\n|-unboost|p2b: Pelipper|spe|1\n|move|p1a: Banshee|Dragon Darts|p2b: Pelipper\n|-damage|p2b: Pelipper|15\/100\n|-anim|p1a: Banshee|Dragon Darts|p2a: Amoonguss\n|-damage|p2a: Amoonguss|31\/100\n|-enditem|p2a: Amoonguss|Sitrus Berry|[eat]\n|-heal|p2a: Amoonguss|56\/100|[from] item: Sitrus Berry\n|move|p2b: Pelipper|Tailwind|p2b: Pelipper\n|-sidestart|p2: unduetrequattro|move: Tailwind\n|\n|-weather|RainDance|[upkeep]\n|upkeep\n|turn|2\n|inactive|unduetrequattro has 30 seconds left.\n|\n|t:|1683131803\n|move|p2a: Amoonguss|Protect|p2a: Amoonguss\n|-singleturn|p2a: Amoonguss|Protect\n|move|p1b: Pablo|Freeze-Dry|p2a: Amoonguss\n|-activate|p2a: Amoonguss|move: Protect\n|move|p1a: Banshee|Dragon Darts|p2b: Pelipper\n|-damage|p2b: Pelipper|0 fnt\n|faint|p2b: Pelipper\n|\n|-weather|RainDance|[upkeep]\n|upkeep\n|\n|t:|1683131811\n|switch|p2b: Flutter Mane|Flutter Mane, L50|100\/100\n|turn|3\n|\n|t:|1683131821\n|-terastallize|p2b: Flutter Mane|Fairy\n|-terastallize|p1a: Banshee|Steel\n|move|p1b: Pablo|Protect|p1b: Pablo\n|-singleturn|p1b: Pablo|Protect\n|move|p2a: Amoonguss|Rage Powder|p2a: Amoonguss\n|-singleturn|p2a: Amoonguss|move: Rage Powder\n|move|p2b: Flutter Mane|Dazzling Gleam|p1a: Banshee|[spread] p1a\n|-activate|p1b: Pablo|move: Protect\n|-resisted|p1a: Banshee\n|-damage|p1a: Banshee|57\/100\n|move|p1a: Banshee|Dragon Darts|p2a: Amoonguss\n|-damage|p2a: Amoonguss|26\/100\n|-anim|p1a: Banshee|Dragon Darts|p2a: Amoonguss\n|-damage|p2a: Amoonguss|0 fnt\n|faint|p2a: Amoonguss\n|\n|-weather|RainDance|[upkeep]\n|upkeep\n|\n|t:|1683131835\n|switch|p2a: Palafin|Palafin-Hero, L50, F|100\/100\n|-activate|p2a: Palafin|ability: Zero to Hero\n|turn|4\n|\n|t:|1683131850\n|-end|p1b: Pablo|Quark Drive|[silent]\n|switch|p1b: Roronoa Zoro|Kingambit, L50, M|100\/100\n|move|p2a: Palafin|Jet Punch|p1a: Banshee\n|-damage|p1a: Banshee|0 fnt\n|faint|p1a: Banshee\n|move|p2b: Flutter Mane|Dazzling Gleam|p1b: Roronoa Zoro\n|-damage|p1b: Roronoa Zoro|45\/100\n|\n|-weather|RainDance|[upkeep]\n|-sideend|p2: unduetrequattro|move: Tailwind\n|upkeep\n|\n|t:|1683131861\n|switch|p1a: Pablo|Iron Bundle, L50|100\/100\n|turn|5\n|\n|t:|1683131885\n|move|p1a: Pablo|Freeze-Dry|p2a: Palafin\n|-supereffective|p2a: Palafin\n|-damage|p2a: Palafin|39\/100\n|move|p2b: Flutter Mane|Dazzling Gleam|p1a: Pablo|[spread] p1a,p1b\n|-damage|p1a: Pablo|0 fnt\n|-damage|p1b: Roronoa Zoro|3\/100\n|faint|p1a: Pablo\n|-end|p1a: Pablo|Quark Drive|[silent]\n|move|p2a: Palafin|Wave Crash|p1b: Roronoa Zoro\n|-damage|p1b: Roronoa Zoro|0 fnt\n|faint|p1b: Roronoa Zoro\n|-damage|p2a: Palafin|38\/100|[from] Recoil\n|\n|-weather|none\n|upkeep\n|\n|t:|1683131892\n|switch|p1b: Tai Lung|Chien-Pao, L50|100\/100\n|-ability|p1b: Tai Lung|Sword of Ruin\n|turn|6\n|\n|t:|1683131902\n|move|p1b: Tai Lung|Protect|p1b: Tai Lung\n|-singleturn|p1b: Tai Lung|Protect\n|move|p2b: Flutter Mane|Dazzling Gleam|p1b: Tai Lung\n|-activate|p1b: Tai Lung|move: Protect\n|move|p2a: Palafin|Wave Crash|p1b: Tai Lung\n|-activate|p1b: Tai Lung|move: Protect\n|\n|upkeep\n|turn|7\n|\n|t:|1683131912\n|move|p1b: Tai Lung|Sucker Punch|p2a: Palafin\n|-damage|p2a: Palafin|0 fnt\n|faint|p2a: Palafin\n|move|p2b: Flutter Mane|Dazzling Gleam|p1b: Tai Lung\n|-supereffective|p1b: Tai Lung\n|-enditem|p1b: Tai Lung|Focus Sash\n|-damage|p1b: Tai Lung|1\/100\n|\n|upkeep\n|turn|8\n|\n|t:|1683131921\n|move|p1b: Tai Lung|Icicle Crash|p2b: Flutter Mane\n|-damage|p2b: Flutter Mane|0 fnt\n|faint|p2b: Flutter Mane\n|-end|p2b: Flutter Mane|Protosynthesis|[silent]\n|\n|win|Drayagedrag0\n|raw|Drayagedrag0's rating: 1349 → 1364<\/strong> (+15 for winning)\n|raw|unduetrequattro's rating: 1264 → 1245<\/strong> (-19 for losing)\n|c|\u2606Drayagedrag0|Gg\n|l|\u2606unduetrequattro\n","uploadtime":1683131958,"views":13,"p1id":"drayagedrag0","p2id":"unduetrequattro","formatid":"gen9vgc2023regulationc","rating":1245,"private":0,"password":""}