{"id":"gen9vgc2023regulationc-1857993777","p1":"NakiYY","p2":"gengargastly","format":"[Gen 9] VGC 2023 Regulation C","log":"|j|\u2606NakiYY\n|j|\u2606gengargastly\n|t:|1683257213\n|gametype|doubles\n|player|p1|NakiYY|265|1519\n|player|p2|gengargastly|sabrina-masters|1630\n|teamsize|p1|6\n|teamsize|p2|6\n|gen|9\n|tier|[Gen 9] VGC 2023 Regulation C\n|rated|\n|rule|Species Clause: Limit one of each Pok\u00e9mon\n|rule|Item Clause: Limit one of each item\n|clearpoke\n|poke|p1|Orthworm, L50, F|\n|poke|p1|Gyarados, L50, F|\n|poke|p1|Ting-Lu, L50|\n|poke|p1|Dragonite, L50, M|\n|poke|p1|Flutter Mane, L50|\n|poke|p1|Iron Bundle, L50|\n|poke|p2|Flutter Mane, L50|\n|poke|p2|Rotom-Wash, L50|\n|poke|p2|Garchomp, L50, M|\n|poke|p2|Scizor, L50, F|\n|poke|p2|Talonflame, L50, M|\n|poke|p2|Chien-Pao, L50|\n|teampreview|4\n|inactive|Battle timer is ON: inactive players will automatically lose when time's up. (requested by gengargastly)\n|\n|t:|1683257231\n|start\n|switch|p1a: Orthworm|Orthworm, L50, F|100\/100\n|switch|p1b: Ting-Lu|Ting-Lu, L50|100\/100\n|switch|p2a: Garchomp|Garchomp, L50, M|100\/100\n|switch|p2b: Rotom|Rotom-Wash, L50|100\/100\n|-ability|p1b: Ting-Lu|Vessel of Ruin\n|turn|1\n|inactive|NakiYY has 30 seconds left.\n|inactive|NakiYY has 20 seconds left.\n|inactive|NakiYY has 15 seconds left.\n|\n|t:|1683257271\n|-terastallize|p2a: Garchomp|Fire\n|move|p2a: Garchomp|Tera Blast|p1a: Orthworm\n|-supereffective|p1a: Orthworm\n|-damage|p1a: Orthworm|39\/100\n|-enditem|p1a: Orthworm|Sitrus Berry|[eat]\n|-heal|p1a: Orthworm|64\/100|[from] item: Sitrus Berry\n|move|p2b: Rotom|Will-O-Wisp|p1b: Ting-Lu\n|-status|p1b: Ting-Lu|brn\n|move|p1a: Orthworm|Iron Defense|p1a: Orthworm\n|-boost|p1a: Orthworm|def|2\n|move|p1b: Ting-Lu|Ruination|p2b: Rotom|[miss]\n|-miss|p1b: Ting-Lu|p2b: Rotom\n|\n|-damage|p1b: Ting-Lu|95\/100 brn|[from] brn\n|upkeep\n|turn|2\n|inactive|NakiYY has 30 seconds left.\n|\n|t:|1683257306\n|move|p2a: Garchomp|Tera Blast|p1a: Orthworm\n|-supereffective|p1a: Orthworm\n|-damage|p1a: Orthworm|33\/100\n|move|p2b: Rotom|Hydro Pump|p1a: Orthworm\n|-damage|p1a: Orthworm|0 fnt\n|faint|p1a: Orthworm\n|move|p1b: Ting-Lu|Earthquake|p2b: Rotom|[spread] p2a\n|-immune|p2b: Rotom|[from] ability: Levitate\n|-supereffective|p2a: Garchomp\n|-damage|p2a: Garchomp|69\/100\n|\n|-damage|p1b: Ting-Lu|89\/100 brn|[from] brn\n|upkeep\n|\n|t:|1683257322\n|switch|p1a: Iron Bundle|Iron Bundle, L50|100\/100\n|-enditem|p1a: Iron Bundle|Booster Energy\n|-activate|p1a: Iron Bundle|ability: Quark Drive|[fromitem]\n|-start|p1a: Iron Bundle|quarkdrivespe\n|turn|3\n|\n|t:|1683257341\n|move|p1a: Iron Bundle|Protect|p1a: Iron Bundle\n|-singleturn|p1a: Iron Bundle|Protect\n|move|p2a: Garchomp|Earthquake|p1b: Ting-Lu|[spread] p1b\n|-activate|p1a: Iron Bundle|move: Protect\n|-immune|p2b: Rotom|[from] ability: Levitate\n|-damage|p1b: Ting-Lu|65\/100 brn\n|move|p2b: Rotom|Discharge|p1b: Ting-Lu|[spread] p2a\n|-activate|p1a: Iron Bundle|move: Protect\n|-immune|p1b: Ting-Lu\n|-damage|p2a: Garchomp|55\/100\n|move|p1b: Ting-Lu|Ruination|p2b: Rotom\n|-damage|p2b: Rotom|51\/100\n|\n|-damage|p1b: Ting-Lu|59\/100 brn|[from] brn\n|upkeep\n|turn|4\n|inactive|NakiYY has 30 seconds left.\n|\n|t:|1683257371\n|switch|p1b: Gyarados|Gyarados, L50, F|100\/100\n|-ability|p1b: Gyarados|Intimidate|boost\n|-unboost|p2a: Garchomp|atk|1\n|-unboost|p2b: Rotom|atk|1\n|move|p1a: Iron Bundle|Freeze-Dry|p2b: Rotom\n|-supereffective|p2b: Rotom\n|-damage|p2b: Rotom|0 fnt\n|faint|p2b: Rotom\n|move|p2a: Garchomp|Earthquake|p1a: Iron Bundle|[spread] p1a\n|-immune|p1b: Gyarados\n|-damage|p1a: Iron Bundle|62\/100\n|\n|upkeep\n|\n|t:|1683257379\n|switch|p2b: Scizor|Scizor, L50, F|100\/100\n|turn|5\n|j| Duecal1on\n|inactive|NakiYY has 30 seconds left.\n|\n|t:|1683257411\n|move|p1a: Iron Bundle|Protect|p1a: Iron Bundle\n|-singleturn|p1a: Iron Bundle|Protect\n|move|p2a: Garchomp|Dragon Claw|p1a: Iron Bundle\n|-activate|p1a: Iron Bundle|move: Protect\n|move|p1b: Gyarados|Earthquake|p2b: Scizor|[spread] p2a,p2b\n|-activate|p1a: Iron Bundle|move: Protect\n|-supereffective|p2a: Garchomp\n|-damage|p2a: Garchomp|22\/100\n|-damage|p2b: Scizor|80\/100\n|move|p2b: Scizor|Swords Dance|p2b: Scizor\n|-boost|p2b: Scizor|atk|2\n|\n|upkeep\n|turn|6\n|inactive|NakiYY has 30 seconds left.\n|inactive|NakiYY has 20 seconds left.\n|\n|t:|1683257450\n|-end|p1a: Iron Bundle|Quark Drive|[silent]\n|switch|p1a: Ting-Lu|Ting-Lu, L50|59\/100 brn\n|-ability|p1a: Ting-Lu|Vessel of Ruin\n|move|p2b: Scizor|Bullet Punch|p1a: Ting-Lu\n|-damage|p1a: Ting-Lu|10\/100 brn\n|-damage|p2b: Scizor|70\/100|[from] item: Life Orb\n|move|p1b: Gyarados|Thunder Wave|p2b: Scizor\n|-status|p2b: Scizor|par\n|move|p2a: Garchomp|Dragon Claw|p1a: Ting-Lu\n|-damage|p1a: Ting-Lu|0 fnt\n|faint|p1a: Ting-Lu\n|\n|upkeep\n|\n|t:|1683257466\n|switch|p1a: Iron Bundle|Iron Bundle, L50|62\/100\n|turn|7\n|inactive|NakiYY has 30 seconds left.\n|\n|t:|1683257492\n|move|p1a: Iron Bundle|Protect|p1a: Iron Bundle\n|-singleturn|p1a: Iron Bundle|Protect\n|move|p2b: Scizor|Protect|p2b: Scizor\n|-singleturn|p2b: Scizor|Protect\n|move|p1b: Gyarados|Earthquake|p2a: Garchomp|[spread] p2a\n|-activate|p1a: Iron Bundle|move: Protect\n|-activate|p2b: Scizor|move: Protect\n|-supereffective|p2a: Garchomp\n|-damage|p2a: Garchomp|0 fnt\n|faint|p2a: Garchomp\n|\n|upkeep\n|\n|t:|1683257496\n|switch|p2a: Flutter Mane|Flutter Mane, L50|100\/100\n|-enditem|p2a: Flutter Mane|Booster Energy\n|-activate|p2a: Flutter Mane|ability: Protosynthesis|[fromitem]\n|-start|p2a: Flutter Mane|protosynthesisspe\n|turn|8\n|inactive|gengargastly has 30 seconds left.\n|inactive|gengargastly has 20 seconds left.\n|inactive|gengargastly has 15 seconds left.\n|\n|t:|1683257538\n|move|p2b: Scizor|Bullet Punch|p1a: Iron Bundle\n|-damage|p1a: Iron Bundle|0 fnt\n|faint|p1a: Iron Bundle\n|-end|p1a: Iron Bundle|Quark Drive|[silent]\n|-damage|p2b: Scizor|60\/100 par|[from] item: Life Orb\n|move|p2a: Flutter Mane|Power Gem|p1b: Gyarados\n|-supereffective|p1b: Gyarados\n|-damage|p1b: Gyarados|52\/100\n|move|p1b: Gyarados|Waterfall|p2a: Flutter Mane\n|-damage|p2a: Flutter Mane|24\/100\n|\n|upkeep\n|turn|9\n|\n|t:|1683257553\n|move|p2b: Scizor|Bullet Punch|p1b: Gyarados\n|-resisted|p1b: Gyarados\n|-damage|p1b: Gyarados|5\/100\n|-damage|p2b: Scizor|51\/100 par|[from] item: Life Orb\n|move|p2a: Flutter Mane|Power Gem|p1b: Gyarados\n|-supereffective|p1b: Gyarados\n|-damage|p1b: Gyarados|0 fnt\n|faint|p1b: Gyarados\n|\n|win|gengargastly\n|raw|NakiYY's rating: 1519 → 1505<\/strong> (-14 for losing)\n|raw|gengargastly's rating: 1630 → 1644<\/strong> (+14 for winning)\n","uploadtime":1683257559,"views":12,"p1id":"nakiyy","p2id":"gengargastly","formatid":"gen9vgc2023regulationc","rating":1505,"private":0,"password":""}