{"id":"gen9vgc2023regulationc-1846661207","p1":"Sprye0216","p2":"Nekohilliape","format":"[Gen 9] VGC 2023 Regulation C","log":"|j|\u2606Sprye0216\n|j|\u2606Nekohilliape\n|t:|1681862867\n|gametype|doubles\n|player|p1|Sprye0216|skyla|1107\n|player|p2|Nekohilliape|roxie|1115\n|teamsize|p1|6\n|teamsize|p2|6\n|gen|9\n|tier|[Gen 9] VGC 2023 Regulation C\n|rated|\n|rule|Species Clause: Limit one of each Pok\u00e9mon\n|rule|Item Clause: Limit one of each item\n|clearpoke\n|poke|p1|Kingambit, L50, F|\n|poke|p1|Gyarados, L50, F|\n|poke|p1|Amoonguss, L50, F|\n|poke|p1|Flutter Mane, L50|\n|poke|p1|Chi-Yu, L50|\n|poke|p1|Iron Hands, L50|\n|poke|p2|Chien-Pao, L50|\n|poke|p2|Flutter Mane, L50|\n|poke|p2|Gholdengo, L50|\n|poke|p2|Tyranitar, L50, M|\n|poke|p2|Talonflame, L50, M|\n|poke|p2|Annihilape, L50, M|\n|teampreview|4\n|inactive|Battle timer is ON: inactive players will automatically lose when time's up. (requested by Nekohilliape)\n|inactive|Sprye0216 has 60 seconds left.\n|inactive|Nekohilliape has 60 seconds left.\n|\n|t:|1681862929\n|start\n|switch|p1a: Chi-Yu|Chi-Yu, L50|100\/100\n|switch|p1b: Flutter Mane|Flutter Mane, L50|100\/100\n|switch|p2a: Talonflame|Talonflame, L50, M|100\/100\n|switch|p2b: Flutter Mane|Flutter Mane, L50|100\/100\n|-ability|p1a: Chi-Yu|Beads of Ruin\n|-enditem|p1b: Flutter Mane|Booster Energy\n|-activate|p1b: Flutter Mane|ability: Protosynthesis|[fromitem]\n|-start|p1b: Flutter Mane|protosynthesisspe\n|turn|1\n|inactive|Sprye0216 has 30 seconds left.\n|inactive|Nekohilliape has 30 seconds left.\n|\n|t:|1681862964\n|move|p2a: Talonflame|Tailwind|p2a: Talonflame\n|-sidestart|p2: Nekohilliape|move: Tailwind\n|move|p2b: Flutter Mane|Dazzling Gleam|p1b: Flutter Mane|[spread] p1a,p1b\n|-damage|p1a: Chi-Yu|63\/100\n|-damage|p1b: Flutter Mane|54\/100\n|move|p1b: Flutter Mane|Dazzling Gleam|p2b: Flutter Mane|[spread] p2a,p2b\n|-resisted|p2a: Talonflame\n|-damage|p2a: Talonflame|72\/100\n|-damage|p2b: Flutter Mane|57\/100\n|move|p1a: Chi-Yu|Heat Wave|p2a: Talonflame|[spread] p2a,p2b\n|-resisted|p2a: Talonflame\n|-damage|p2a: Talonflame|33\/100\n|-damage|p2b: Flutter Mane|1\/100\n|\n|upkeep\n|turn|2\n|inactive|Nekohilliape has 30 seconds left.\n|inactive|Nekohilliape has 20 seconds left.\n|inactive|Nekohilliape has 15 seconds left.\n|inactive|Nekohilliape has 10 seconds left.\n|inactive|Nekohilliape has 5 seconds left.\n|\n|t:|1681863014\n|move|p2b: Flutter Mane|Protect|p2b: Flutter Mane\n|-singleturn|p2b: Flutter Mane|Protect\n|move|p1b: Flutter Mane|Protect|p1b: Flutter Mane\n|-singleturn|p1b: Flutter Mane|Protect\n|move|p2a: Talonflame|Brave Bird|p1a: Chi-Yu\n|-damage|p1a: Chi-Yu|2\/100\n|-damage|p2a: Talonflame|18\/100|[from] Recoil\n|move|p1a: Chi-Yu|Heat Wave|p2a: Talonflame|[spread] \n|-activate|p2b: Flutter Mane|move: Protect\n|-miss|p1a: Chi-Yu|p2a: Talonflame\n|\n|upkeep\n|turn|3\n|\n|t:|1681863032\n|move|p2b: Flutter Mane|Dazzling Gleam|p1b: Flutter Mane|[spread] p1a,p1b\n|-damage|p1a: Chi-Yu|0 fnt\n|-damage|p1b: Flutter Mane|8\/100\n|faint|p1a: Chi-Yu\n|move|p2a: Talonflame|Brave Bird|p1b: Flutter Mane\n|-damage|p1b: Flutter Mane|0 fnt\n|faint|p1b: Flutter Mane\n|-end|p1b: Flutter Mane|Protosynthesis|[silent]\n|-damage|p2a: Talonflame|16\/100|[from] Recoil\n|\n|upkeep\n|\n|t:|1681863041\n|switch|p1b: Iron Hands|Iron Hands, L50|100\/100\n|switch|p1a: Kingambit|Kingambit, L50, F|100\/100\n|turn|4\n|\n|t:|1681863053\n|switch|p2a: Annihilape|Annihilape, L50, M|100\/100\n|move|p2b: Flutter Mane|Protect|p2b: Flutter Mane\n|-singleturn|p2b: Flutter Mane|Protect\n|move|p1b: Iron Hands|Fake Out|p2a: Annihilape\n|-immune|p2a: Annihilape\n|move|p1a: Kingambit|Iron Head|p2b: Flutter Mane\n|-activate|p2b: Flutter Mane|move: Protect\n|\n|-sideend|p2: Nekohilliape|move: Tailwind\n|upkeep\n|turn|5\n|inactive|Sprye0216 has 30 seconds left.\n|\n|t:|1681863084\n|-terastallize|p1b: Iron Hands|Grass\n|move|p1a: Kingambit|Sucker Punch||[still]\n|-fail|p1a: Kingambit\n|move|p2b: Flutter Mane|Psyshock|p1b: Iron Hands\n|-damage|p1b: Iron Hands|82\/100\n|move|p2a: Annihilape|Bulk Up|p2a: Annihilape\n|-boost|p2a: Annihilape|atk|1\n|-boost|p2a: Annihilape|def|1\n|move|p1b: Iron Hands|Wild Charge|p2b: Flutter Mane\n|-damage|p2b: Flutter Mane|0 fnt\n|faint|p2b: Flutter Mane\n|-end|p2b: Flutter Mane|Protosynthesis|[silent]\n|-damage|p1b: Iron Hands|81\/100|[from] Recoil\n|\n|upkeep\n|\n|t:|1681863094\n|switch|p2b: Tyranitar|Tyranitar, L50, M|100\/100\n|-weather|Sandstorm|[from] ability: Sand Stream|[of] p2b: Tyranitar\n|turn|6\n|\n|t:|1681863115\n|-terastallize|p2b: Tyranitar|Flying\n|move|p1a: Kingambit|Sucker Punch|p2a: Annihilape\n|-damage|p2a: Annihilape|75\/100\n|move|p2a: Annihilape|Drain Punch|p1b: Iron Hands\n|-damage|p1b: Iron Hands|44\/100\n|-heal|p2a: Annihilape|98\/100|[from] drain|[of] p1b: Iron Hands\n|move|p2b: Tyranitar|Tera Blast|p1b: Iron Hands\n|-supereffective|p1b: Iron Hands\n|-damage|p1b: Iron Hands|0 fnt\n|faint|p1b: Iron Hands\n|-end|p1b: Iron Hands|Quark Drive|[silent]\n|\n|-weather|Sandstorm|[upkeep]\n|-damage|p2b: Tyranitar|94\/100|[from] Sandstorm\n|upkeep\n|turn|7\n|\n|t:|1681863130\n|move|p2a: Annihilape|Drain Punch|p1a: Kingambit\n|-supereffective|p1a: Kingambit\n|-damage|p1a: Kingambit|0 fnt\n|-heal|p2a: Annihilape|100\/100|[from] drain|[of] p1a: Kingambit\n|faint|p1a: Kingambit\n|\n|win|Nekohilliape\n|raw|Sprye0216's rating: 1107 → 1083<\/strong> (-24 for losing)\n|raw|Nekohilliape's rating: 1115 → 1139<\/strong> (+24 for winning)\n","uploadtime":1681863137,"views":10,"p1id":"sprye0216","p2id":"nekohilliape","formatid":"gen9vgc2023regulationc","rating":1083,"private":0,"password":""}