{"id":"gen9vgc2023regulationc-1860843254","p1":"AGSilver935","p2":"Gill x Mayhem","format":"[Gen 9] VGC 2023 Regulation C","log":"|j|\u2606AGSilver935\n|j|\u2606Gill x Mayhem\n|t:|1683684717\n|gametype|doubles\n|player|p1|AGSilver935|ghetsis|\n|player|p2|Gill x Mayhem|265|\n|teamsize|p1|6\n|teamsize|p2|6\n|gen|9\n|tier|[Gen 9] VGC 2023 Regulation C\n|rule|Species Clause: Limit one of each Pok\u00e9mon\n|rule|Item Clause: Limit one of each item\n|clearpoke\n|poke|p1|Baxcalibur, L50, F|\n|poke|p1|Flutter Mane, L50|\n|poke|p1|Chi-Yu, L50|\n|poke|p1|Azumarill, L50, M|\n|poke|p1|Amoonguss, L50, M|\n|poke|p1|Arcanine, L50, F|\n|poke|p2|Chien-Pao, L50|\n|poke|p2|Dragonite, L50, M|\n|poke|p2|Annihilape, L50, M|\n|poke|p2|Iron Hands, L50|\n|poke|p2|Maushold-Four, L50|\n|poke|p2|Talonflame, L50, F|\n|teampreview|4\nAGSilver935 has agreed to open team sheets.\nGill x Mayhem has agreed to open team sheets.\n|c|\u2606Gill x Mayhem|G2\n|c|\u2606AGSilver935|Good luck!\n|c|\u2606Gill x Mayhem|Good luck!\n|\n|t:|1683685041\n|start\n|switch|p1a: Arcanine|Arcanine, L50, F|100\/100\n|switch|p1b: Baxcalibur|Baxcalibur, L50, F|100\/100\n|switch|p2a: Talonflame|Talonflame, L50, F|100\/100\n|switch|p2b: Dragonite|Dragonite, L50, M|100\/100\n|-ability|p1a: Arcanine|Intimidate|boost\n|-unboost|p2a: Talonflame|atk|1\n|-fail|p2b: Dragonite|unboost|Attack|[from] ability: Inner Focus|[of] p2b: Dragonite\n|turn|1\n|\n|t:|1683685089\n|-terastallize|p1b: Baxcalibur|Water\n|-terastallize|p2b: Dragonite|Normal\n|move|p2a: Talonflame|Tailwind|p2a: Talonflame\n|-sidestart|p2: Gill x Mayhem|move: Tailwind\n|move|p2b: Dragonite|Iron Head|p1b: Baxcalibur\n|-resisted|p1b: Baxcalibur\n|-damage|p1b: Baxcalibur|80\/100\n|move|p1a: Arcanine|Howl|p1a: Arcanine|[spread] p1a,p1b\n|-boost|p1a: Arcanine|atk|1\n|-boost|p1b: Baxcalibur|atk|1\n|move|p1b: Baxcalibur|Icicle Crash|p2b: Dragonite\n|-damage|p2b: Dragonite|23\/100\n|\n|upkeep\n|turn|2\n|\n|t:|1683685109\n|switch|p2b: Iron Hands|Iron Hands, L50|100\/100\n|-enditem|p2b: Iron Hands|Booster Energy\n|-activate|p2b: Iron Hands|ability: Quark Drive|[fromitem]\n|-start|p2b: Iron Hands|quarkdriveatk\n|move|p1a: Arcanine|Extreme Speed|p2a: Talonflame\n|-damage|p2a: Talonflame|63\/100\n|move|p1b: Baxcalibur|Ice Shard|p2b: Iron Hands\n|-damage|p2b: Iron Hands|76\/100\n|move|p2a: Talonflame|Taunt|p1a: Arcanine\n|-start|p1a: Arcanine|move: Taunt\n|\n|upkeep\n|turn|3\n|\n|t:|1683685135\n|move|p1b: Baxcalibur|Protect|p1b: Baxcalibur\n|-singleturn|p1b: Baxcalibur|Protect\n|move|p2a: Talonflame|Feint|p1b: Baxcalibur\n|-activate|p1b: Baxcalibur|move: Feint\n|-damage|p1b: Baxcalibur|76\/100\n|move|p1a: Arcanine|Flare Blitz|p2b: Iron Hands\n|-damage|p2b: Iron Hands|34\/100\n|-damage|p1a: Arcanine|83\/100|[from] Recoil\n|move|p2b: Iron Hands|Thunder Punch|p1b: Baxcalibur\n|-supereffective|p1b: Baxcalibur\n|-damage|p1b: Baxcalibur|0 fnt\n|faint|p1b: Baxcalibur\n|\n|upkeep\n|\n|t:|1683685171\n|switch|p1b: Chi-Yu|Chi-Yu, L50|100\/100\n|-ability|p1b: Chi-Yu|Beads of Ruin\n|turn|4\n|\n|t:|1683685187\n|-end|p2b: Iron Hands|Quark Drive|[silent]\n|switch|p2b: Chien-Pao|Chien-Pao, L50|100\/100\n|-ability|p2b: Chien-Pao|Sword of Ruin\n|move|p1a: Arcanine|Extreme Speed|p2a: Talonflame\n|-damage|p2a: Talonflame|9\/100\n|move|p2a: Talonflame|Brave Bird|p1a: Arcanine\n|-damage|p1a: Arcanine|50\/100\n|-damage|p2a: Talonflame|0 fnt|[from] Recoil\n|faint|p2a: Talonflame\n|move|p1b: Chi-Yu|Heat Wave|p2b: Chien-Pao\n|-supereffective|p2b: Chien-Pao\n|-enditem|p2b: Chien-Pao|Focus Sash\n|-damage|p2b: Chien-Pao|1\/100\n|\n|-sideend|p2: Gill x Mayhem|move: Tailwind\n|upkeep\n|\n|t:|1683685200\n|switch|p2a: Iron Hands|Iron Hands, L50|34\/100\n|turn|5\n|\n|t:|1683685250\n|move|p1b: Chi-Yu|Protect|p1b: Chi-Yu\n|-singleturn|p1b: Chi-Yu|Protect\n|move|p2a: Iron Hands|Fake Out|p1a: Arcanine\n|-damage|p1a: Arcanine|32\/100\n|cant|p1a: Arcanine|flinch\n|move|p2b: Chien-Pao|Sacred Sword|p1b: Chi-Yu\n|-activate|p1b: Chi-Yu|move: Protect\n|\n|-end|p1a: Arcanine|move: Taunt\n|upkeep\n|turn|6\n|\n|t:|1683685269\n|move|p1a: Arcanine|Extreme Speed|p2b: Chien-Pao\n|-damage|p2b: Chien-Pao|0 fnt\n|faint|p2b: Chien-Pao\n|move|p1b: Chi-Yu|Heat Wave|p2a: Iron Hands\n|-damage|p2a: Iron Hands|0 fnt\n|faint|p2a: Iron Hands\n|-end|p2a: Iron Hands|Quark Drive|[silent]\n|\n|upkeep\n|\n|t:|1683685275\n|switch|p2a: Dragonite|Dragonite, L50, M, tera:Normal|23\/100\n|turn|7\n|\n|t:|1683685280\n|move|p1a: Arcanine|Extreme Speed|p2a: Dragonite\n|-damage|p2a: Dragonite|0 fnt\n|faint|p2a: Dragonite\n|\n|win|AGSilver935\n|c|\u2606AGSilver935|gg\n|c|\u2606Gill x Mayhem|Great positioning\n|c|\u2606Gill x Mayhem|Ggs\n|l|\u2606Gill x Mayhem\n|c|\u2606AGSilver935|Thanks!\n","uploadtime":1683685303,"views":15,"p1id":"agsilver935","p2id":"gillxmayhem","formatid":"gen9vgc2023regulationc","rating":0,"private":0,"password":""}