{"id":"gen9vgc2023regulationc-1856434859","p1":"N3rdSl4y3r","p2":"halotowers","format":"[Gen 9] VGC 2023 Regulation C","log":"|j|\u2606N3rdSl4y3r\n|j|\u2606halotowers\n|t:|1683061227\n|gametype|doubles\n|player|p1|N3rdSl4y3r|rika|\n|player|p2|halotowers|acetrainersnow|\n|teamsize|p1|6\n|teamsize|p2|6\n|gen|9\n|tier|[Gen 9] VGC 2023 Regulation C\n|rule|Species Clause: Limit one of each Pok\u00e9mon\n|rule|Item Clause: Limit one of each item\n|clearpoke\n|poke|p1|Breloom, L50, F|\n|poke|p1|Chi-Yu, L50|\n|poke|p1|Azumarill, L50, F|\n|poke|p1|Baxcalibur, L50, F|\n|poke|p1|Flutter Mane, L50|\n|poke|p1|Maushold-Four, L50|\n|poke|p2|Chi-Yu, L50|\n|poke|p2|Flutter Mane, L50|\n|poke|p2|Iron Bundle, L50|\n|poke|p2|Annihilape, L50, M|\n|poke|p2|Murkrow, L50, F|\n|poke|p2|Great Tusk, L50|\n|teampreview|4\n|c|\u2606N3rdSl4y3r|glhf!\nN3rdSl4y3r has agreed to open team sheets.\nhalotowers has agreed to open team sheets.\n|c|\u2606halotowers|Glhf!\n|\n|t:|1683061293\n|start\n|switch|p1a: Hovering Cane|Flutter Mane, L50|100\/100\n|switch|p1b: samuel(s)|Maushold-Four, L50, shiny|100\/100\n|switch|p2a: Iron Bundle|Iron Bundle, L50|100\/100\n|switch|p2b: Chi-Yu|Chi-Yu, L50|100\/100\n|-ability|p2b: Chi-Yu|Beads of Ruin\n|-enditem|p2a: Iron Bundle|Booster Energy\n|-activate|p2a: Iron Bundle|ability: Quark Drive|[fromitem]\n|-start|p2a: Iron Bundle|quarkdrivespe\n|-enditem|p1a: Hovering Cane|Booster Energy\n|-activate|p1a: Hovering Cane|ability: Protosynthesis|[fromitem]\n|-start|p1a: Hovering Cane|protosynthesisspa\n|turn|1\n|\n|t:|1683061347\n|-terastallize|p2b: Chi-Yu|Fire\n|move|p1b: samuel(s)|Follow Me|p1b: samuel(s)\n|-singleturn|p1b: samuel(s)|move: Follow Me\n|move|p2a: Iron Bundle|Icy Wind|p1b: samuel(s)|[spread] p1a,p1b\n|-damage|p1a: Hovering Cane|85\/100\n|-damage|p1b: samuel(s)|62\/100\n|-unboost|p1a: Hovering Cane|spe|1\n|-unboost|p1b: samuel(s)|spe|1\n|move|p2b: Chi-Yu|Heat Wave|p1a: Hovering Cane|[spread] p1b\n|-miss|p2b: Chi-Yu|p1a: Hovering Cane\n|-damage|p1b: samuel(s)|0 fnt\n|faint|p1b: samuel(s)\n|-damage|p2b: Chi-Yu|91\/100|[from] item: Life Orb\n|move|p1a: Hovering Cane|Moonblast|p2a: Iron Bundle\n|-damage|p2a: Iron Bundle|0 fnt\n|faint|p2a: Iron Bundle\n|-end|p2a: Iron Bundle|Quark Drive|[silent]\n|\n|upkeep\n|\n|t:|1683061369\n|switch|p2a: Flutter Mane|Flutter Mane, L50, shiny|100\/100\n|switch|p1b: Jorunna Parva|Azumarill, L50, F, shiny|100\/100\n|turn|2\n|\n|t:|1683061395\n|move|p2b: Chi-Yu|Protect|p2b: Chi-Yu\n|-singleturn|p2b: Chi-Yu|Protect\n|move|p2a: Flutter Mane|Dazzling Gleam|p1a: Hovering Cane|[spread] p1a,p1b\n|-damage|p1a: Hovering Cane|43\/100\n|-damage|p1b: Jorunna Parva|49\/100\n|-enditem|p1b: Jorunna Parva|Sitrus Berry|[eat]\n|-heal|p1b: Jorunna Parva|74\/100|[from] item: Sitrus Berry\n|move|p1a: Hovering Cane|Shadow Ball|p2a: Flutter Mane\n|-supereffective|p2a: Flutter Mane\n|-damage|p2a: Flutter Mane|0 fnt\n|faint|p2a: Flutter Mane\n|-end|p2a: Flutter Mane|Protosynthesis|[silent]\n|move|p1b: Jorunna Parva|Liquidation|p2b: Chi-Yu\n|-activate|p2b: Chi-Yu|move: Protect\n|\n|upkeep\n|\n|t:|1683061411\n|switch|p2a: Great Tusk|Great Tusk, L50|100\/100\n|turn|3\n|\n|t:|1683061427\n|move|p2a: Great Tusk|Rock Slide|p1a: Hovering Cane|[spread] p1b\n|-miss|p2a: Great Tusk|p1a: Hovering Cane\n|-damage|p1b: Jorunna Parva|51\/100\n|move|p2b: Chi-Yu|Heat Wave|p1a: Hovering Cane|[spread] p1a,p1b\n|-resisted|p1b: Jorunna Parva\n|-damage|p1a: Hovering Cane|0 fnt\n|-damage|p1b: Jorunna Parva|5\/100\n|faint|p1a: Hovering Cane\n|-end|p1a: Hovering Cane|Protosynthesis|[silent]\n|-damage|p2b: Chi-Yu|81\/100|[from] item: Life Orb\n|move|p1b: Jorunna Parva|Liquidation|p2b: Chi-Yu\n|-supereffective|p2b: Chi-Yu\n|-damage|p2b: Chi-Yu|0 fnt\n|faint|p2b: Chi-Yu\n|\n|upkeep\n|\n|t:|1683061440\n|switch|p1a: GOAT|Breloom, L50, F, shiny|100\/100\n|turn|4\n|\n|t:|1683061447\n|move|p1b: Jorunna Parva|Protect|p1b: Jorunna Parva\n|-singleturn|p1b: Jorunna Parva|Protect\n|move|p2a: Great Tusk|Rock Slide|p1a: GOAT|[spread] p1a\n|-activate|p1b: Jorunna Parva|move: Protect\n|-resisted|p1a: GOAT\n|-damage|p1a: GOAT|85\/100\n|move|p1a: GOAT|Spore|p2a: Great Tusk\n|-status|p2a: Great Tusk|slp|[from] move: Spore\n|\n|upkeep\n|turn|5\n|\n|t:|1683061458\n|cant|p2a: Great Tusk|slp\n|move|p1a: GOAT|Bullet Seed|p2a: Great Tusk\n|-supereffective|p2a: Great Tusk\n|-damage|p2a: Great Tusk|69\/100 slp\n|-supereffective|p2a: Great Tusk\n|-damage|p2a: Great Tusk|36\/100 slp\n|-supereffective|p2a: Great Tusk\n|-damage|p2a: Great Tusk|5\/100 slp\n|-supereffective|p2a: Great Tusk\n|-damage|p2a: Great Tusk|0 fnt\n|faint|p2a: Great Tusk\n|-end|p2a: Great Tusk|Protosynthesis|[silent]\n|-hitcount|p2: Great Tusk|4\n|\n|win|N3rdSl4y3r\n|c|\u2606halotowers|Gg!\n|c|\u2606N3rdSl4y3r|gg\n|l|\u2606halotowers\n","uploadtime":1683061484,"views":17,"p1id":"n3rdsl4y3r","p2id":"halotowers","formatid":"gen9vgc2023regulationc","rating":0,"private":0,"password":""}