{"id":"gen9vgc2023regulationc-1862703551","p1":"RIPTheDollarMenu","p2":"Rylanor VGC","format":"[Gen 9] VGC 2023 Regulation C","log":"|j|\u2606RIPTheDollarMenu\n|j|\u2606Rylanor VGC\n|t:|1683913662\n|gametype|doubles\n|player|p1|RIPTheDollarMenu|pokemonbreeder-gen4|1086\n|player|p2|Rylanor VGC|2|1108\n|teamsize|p1|6\n|teamsize|p2|6\n|gen|9\n|tier|[Gen 9] VGC 2023 Regulation C\n|rated|\n|rule|Species Clause: Limit one of each Pok\u00e9mon\n|rule|Item Clause: Limit one of each item\n|clearpoke\n|poke|p1|Tyranitar, L50, M|\n|poke|p1|Garchomp, L50, F|\n|poke|p1|Scream Tail, L50|\n|poke|p1|Corviknight, L50, F|\n|poke|p1|Iron Hands, L50|\n|poke|p1|Gyarados, L50, F|\n|poke|p2|Dondozo, L50, M|\n|poke|p2|Tatsugiri-Droopy, L50, F|\n|poke|p2|Glimmora, L50, F|\n|poke|p2|Chi-Yu, L50|\n|poke|p2|Flutter Mane, L50|\n|poke|p2|Dragonite, L50, M|\n|teampreview|4\n|inactive|Battle timer is ON: inactive players will automatically lose when time's up. (requested by Rylanor VGC)\n|inactive|RIPTheDollarMenu has 60 seconds left.\n|inactive|RIPTheDollarMenu has 30 seconds left.\n|inactive|RIPTheDollarMenu has 20 seconds left.\n|inactive|RIPTheDollarMenu has 15 seconds left.\n|inactive|RIPTheDollarMenu has 10 seconds left.\n|inactive|RIPTheDollarMenu has 5 seconds left.\n|\n|t:|1683913786\n|start\n|switch|p1a: Beholder|Scream Tail, L50, shiny|100\/100\n|switch|p1b: Leviathan|Gyarados, L50, F|100\/100\n|switch|p2a: Glimmora|Glimmora, L50, F|100\/100\n|switch|p2b: Dondozo|Dondozo, L50, M|100\/100\n|-ability|p1b: Leviathan|Intimidate|boost\n|-unboost|p2a: Glimmora|atk|1\n|-unboost|p2b: Dondozo|atk|1\n|-enditem|p1a: Beholder|Booster Energy\n|-activate|p1a: Beholder|ability: Protosynthesis|[fromitem]\n|-start|p1a: Beholder|protosynthesisspe\n|turn|1\n|inactive|Rylanor VGC has 30 seconds left.\n|\n|t:|1683913814\n|move|p2b: Dondozo|Protect|p2b: Dondozo\n|-singleturn|p2b: Dondozo|Protect\n|move|p1a: Beholder|Thunder Wave|p2b: Dondozo\n|-activate|p2b: Dondozo|move: Protect\n|move|p2a: Glimmora|Mortal Spin|p1a: Beholder|[spread] p1a,p1b\n|-supereffective|p1a: Beholder\n|-damage|p1a: Beholder|97\/100\n|-damage|p1b: Leviathan|97\/100\n|-status|p1a: Beholder|psn\n|-status|p1b: Leviathan|psn\n|move|p1b: Leviathan|Taunt|p2b: Dondozo\n|-activate|p2b: Dondozo|move: Protect\n|\n|-heal|p1b: Leviathan|100\/100 psn|[from] item: Leftovers\n|-damage|p1a: Beholder|85\/100 psn|[from] psn\n|-damage|p1b: Leviathan|88\/100 psn|[from] psn\n|upkeep\n|turn|2\n|inactive|Rylanor VGC has 30 seconds left.\n|inactive|RIPTheDollarMenu has 30 seconds left.\n|inactive|Rylanor VGC has 20 seconds left.\n|inactive|Rylanor VGC has 15 seconds left.\n|inactive|Rylanor VGC has 10 seconds left.\n|inactive|Rylanor VGC has 5 seconds left.\n|\n|t:|1683913869\n|move|p1a: Beholder|Encore|p2a: Glimmora\n|-start|p2a: Glimmora|Encore\n|move|p2a: Glimmora|Mortal Spin|p1b: Leviathan|[spread] p1a,p1b\n|-supereffective|p1a: Beholder\n|-damage|p1a: Beholder|81\/100 psn\n|-damage|p1b: Leviathan|85\/100 psn\n|move|p1b: Leviathan|Waterfall|p2b: Dondozo\n|-resisted|p2b: Dondozo\n|-damage|p2b: Dondozo|91\/100\n|move|p2b: Dondozo|Wave Crash|p1a: Beholder\n|-damage|p1a: Beholder|60\/100 psn\n|-damage|p2b: Dondozo|85\/100|[from] Recoil\n|\n|-heal|p1b: Leviathan|91\/100 psn|[from] item: Leftovers\n|-damage|p1a: Beholder|48\/100 psn|[from] psn\n|-damage|p1b: Leviathan|79\/100 psn|[from] psn\n|upkeep\n|turn|3\n|inactive|Rylanor VGC has 30 seconds left.\n|\n|t:|1683913903\n|move|p1a: Beholder|Disable|p2b: Dondozo\n|-start|p2b: Dondozo|Disable|Wave Crash\n|move|p2a: Glimmora|Mortal Spin|p1b: Leviathan|[spread] p1a,p1b\n|-supereffective|p1a: Beholder\n|-damage|p1a: Beholder|44\/100 psn\n|-damage|p1b: Leviathan|75\/100 psn\n|move|p1b: Leviathan|Waterfall|p2a: Glimmora\n|-supereffective|p2a: Glimmora\n|-damage|p2a: Glimmora|33\/100\n|-activate|p2a: Glimmora|ability: Toxic Debris\n|-sidestart|p1: RIPTheDollarMenu|move: Toxic Spikes\n|cant|p2b: Dondozo|Disable|Wave Crash\n|\n|-heal|p1b: Leviathan|82\/100 psn|[from] item: Leftovers\n|-damage|p1a: Beholder|32\/100 psn|[from] psn\n|-damage|p1b: Leviathan|69\/100 psn|[from] psn\n|upkeep\n|turn|4\n|inactive|Rylanor VGC has 30 seconds left.\n|\n|t:|1683913934\n|move|p2b: Dondozo|Protect|p2b: Dondozo\n|-singleturn|p2b: Dondozo|Protect\n|move|p1a: Beholder|Thunder Wave|p2b: Dondozo\n|-activate|p2b: Dondozo|move: Protect\n|move|p2a: Glimmora|Mortal Spin|p1b: Leviathan|[spread] p1a,p1b\n|-supereffective|p1a: Beholder\n|-damage|p1a: Beholder|28\/100 psn\n|-damage|p1b: Leviathan|66\/100 psn\n|move|p1b: Leviathan|Waterfall|p2a: Glimmora\n|-supereffective|p2a: Glimmora\n|-damage|p2a: Glimmora|0 fnt\n|-activate|p2a: Glimmora|ability: Toxic Debris\n|-sidestart|p1: RIPTheDollarMenu|move: Toxic Spikes\n|faint|p2a: Glimmora\n|\n|-heal|p1b: Leviathan|72\/100 psn|[from] item: Leftovers\n|-damage|p1a: Beholder|16\/100 psn|[from] psn\n|-damage|p1b: Leviathan|60\/100 psn|[from] psn\n|upkeep\n|\n|t:|1683913951\n|switch|p2a: Flutter Mane|Flutter Mane, L50|100\/100\n|-enditem|p2a: Flutter Mane|Booster Energy\n|-activate|p2a: Flutter Mane|ability: Protosynthesis|[fromitem]\n|-start|p2a: Flutter Mane|protosynthesisspe\n|turn|5\n|inactive|RIPTheDollarMenu has 30 seconds left.\n|\n|t:|1683913977\n|-terastallize|p2a: Flutter Mane|Fairy\n|move|p2a: Flutter Mane|Hex|p1b: Leviathan\n|-damage|p1b: Leviathan|8\/100 psn\n|move|p1a: Beholder|Encore|p2b: Dondozo\n|-start|p2b: Dondozo|Encore\n|move|p1b: Leviathan|Waterfall|p2a: Flutter Mane\n|-damage|p2a: Flutter Mane|35\/100\n|move|p2b: Dondozo|Protect||[still]\n|-fail|p2b: Dondozo\n|\n|-heal|p1b: Leviathan|15\/100 psn|[from] item: Leftovers\n|-damage|p1a: Beholder|4\/100 psn|[from] psn\n|-damage|p1b: Leviathan|2\/100 psn|[from] psn\n|upkeep\n|turn|6\n|inactive|RIPTheDollarMenu has 30 seconds left.\n|\n|t:|1683914004\n|move|p2a: Flutter Mane|Protect|p2a: Flutter Mane\n|-singleturn|p2a: Flutter Mane|Protect\n|move|p2b: Dondozo|Protect|p2b: Dondozo\n|-singleturn|p2b: Dondozo|Protect\n|move|p1a: Beholder|Thunder Wave|p2a: Flutter Mane\n|-activate|p2a: Flutter Mane|move: Protect\n|move|p1b: Leviathan|Waterfall|p2a: Flutter Mane\n|-activate|p2a: Flutter Mane|move: Protect\n|\n|-heal|p1b: Leviathan|8\/100 psn|[from] item: Leftovers\n|-damage|p1a: Beholder|0 fnt|[from] psn\n|faint|p1a: Beholder\n|-end|p1a: Beholder|Protosynthesis|[silent]\n|-damage|p1b: Leviathan|0 fnt|[from] psn\n|faint|p1b: Leviathan\n|-end|p2b: Dondozo|Disable\n|upkeep\n|\n|t:|1683914010\n|switch|p1a: Roc|Corviknight, L50, F, shiny|100\/100\n|switch|p1b: Genie|Iron Hands, L50, shiny|100\/100\n|-status|p1b: Genie|tox\n|turn|7\n|inactive|RIPTheDollarMenu has 30 seconds left.\n|inactive|Rylanor VGC has 30 seconds left.\n|\n|t:|1683914045\n|move|p2b: Dondozo|Protect|p2b: Dondozo\n|-singleturn|p2b: Dondozo|Protect\n|move|p1b: Genie|Fake Out|p2a: Flutter Mane\n|-damage|p2a: Flutter Mane|7\/100\n|cant|p2a: Flutter Mane|flinch\n|move|p1a: Roc|Iron Head|p2a: Flutter Mane\n|-supereffective|p2a: Flutter Mane\n|-damage|p2a: Flutter Mane|0 fnt\n|faint|p2a: Flutter Mane\n|-end|p2a: Flutter Mane|Protosynthesis|[silent]\n|\n|-damage|p1b: Genie|95\/100 tox|[from] psn\n|-end|p2b: Dondozo|Encore\n|upkeep\n|inactive|Rylanor VGC has 30 seconds left.\n|\n|t:|1683914077\n|switch|p2a: Chi-Yu|Chi-Yu, L50|100\/100\n|-ability|p2a: Chi-Yu|Beads of Ruin\n|turn|8\n|\n|t:|1683914091\n|-terastallize|p1a: Roc|Dragon\n|move|p2a: Chi-Yu|Protect|p2a: Chi-Yu\n|-singleturn|p2a: Chi-Yu|Protect\n|move|p1a: Roc|Brave Bird|p2a: Chi-Yu\n|-activate|p2a: Chi-Yu|move: Protect\n|move|p1b: Genie|Drain Punch|p2a: Chi-Yu\n|-activate|p2a: Chi-Yu|move: Protect\n|move|p2b: Dondozo|Yawn|p1a: Roc\n|-start|p1a: Roc|move: Yawn|[of] p2b: Dondozo\n|\n|-damage|p1b: Genie|83\/100 tox|[from] psn\n|upkeep\n|turn|9\n|inactive|Rylanor VGC has 30 seconds left.\n|\n|t:|1683914119\n|move|p2a: Chi-Yu|Flamethrower|p1b: Genie\n|-damage|p1b: Genie|24\/100 tox\n|-enditem|p1b: Genie|Sitrus Berry|[eat]\n|-heal|p1b: Genie|48\/100 tox|[from] item: Sitrus Berry\n|move|p1a: Roc|Brave Bird|p2a: Chi-Yu\n|-damage|p2a: Chi-Yu|29\/100\n|-damage|p1a: Roc|83\/100|[from] Recoil\n|move|p1b: Genie|Drain Punch|p2a: Chi-Yu\n|-supereffective|p2a: Chi-Yu\n|-damage|p2a: Chi-Yu|0 fnt\n|-heal|p1b: Genie|57\/100 tox|[from] drain|[of] p2a: Chi-Yu\n|faint|p2a: Chi-Yu\n|move|p2b: Dondozo|Body Press|p1b: Genie\n|-damage|p1b: Genie|39\/100 tox\n|\n|-damage|p1b: Genie|22\/100 tox|[from] psn\n|-end|p1a: Roc|move: Yawn|[silent]\n|-status|p1a: Roc|slp\n|upkeep\n|turn|10\n|inactive|RIPTheDollarMenu has 30 seconds left.\n|inactive|RIPTheDollarMenu has 20 seconds left.\n|inactive|RIPTheDollarMenu has 15 seconds left.\n|\n|t:|1683914160\n|move|p2b: Dondozo|Protect|p2b: Dondozo\n|-singleturn|p2b: Dondozo|Protect\n|cant|p1a: Roc|slp\n|move|p1b: Genie|Drain Punch|p2b: Dondozo\n|-activate|p2b: Dondozo|move: Protect\n|\n|-damage|p1b: Genie|0 fnt|[from] psn\n|faint|p1b: Genie\n|-end|p1b: Genie|Quark Drive|[silent]\n|upkeep\n|turn|11\n|\n|t:|1683914176\n|cant|p1a: Roc|slp\n|move|p2b: Dondozo|Yawn||[still]\n|-fail|p2b: Dondozo\n|\n|upkeep\n|turn|12\n|\n|t:|1683914183\n|cant|p1a: Roc|slp\n|move|p2b: Dondozo|Yawn||[still]\n|-fail|p2b: Dondozo\n|\n|upkeep\n|turn|13\n|\n|t:|1683914195\n|-curestatus|p1a: Roc|slp|[msg]\n|move|p1a: Roc|Brave Bird|p2b: Dondozo\n|-damage|p2b: Dondozo|62\/100\n|-damage|p1a: Roc|75\/100|[from] Recoil\n|move|p2b: Dondozo|Yawn|p1a: Roc\n|-start|p1a: Roc|move: Yawn|[of] p2b: Dondozo\n|\n|upkeep\n|turn|14\n|\n|t:|1683914205\n|move|p2b: Dondozo|Protect|p2b: Dondozo\n|-singleturn|p2b: Dondozo|Protect\n|move|p1a: Roc|Roost|p1a: Roc\n|-heal|p1a: Roc|100\/100\n|\n|-end|p1a: Roc|move: Yawn|[silent]\n|-status|p1a: Roc|slp\n|upkeep\n|turn|15\n|\n|t:|1683914213\n|cant|p1a: Roc|slp\n|move|p2b: Dondozo|Body Press|p1a: Roc\n|-damage|p1a: Roc|79\/100 slp\n|\n|upkeep\n|turn|16\n|\n|t:|1683914219\n|cant|p1a: Roc|slp\n|move|p2b: Dondozo|Body Press|p1a: Roc\n|-damage|p1a: Roc|57\/100 slp\n|\n|upkeep\n|turn|17\n|\n|t:|1683914229\n|-curestatus|p1a: Roc|slp|[msg]\n|move|p1a: Roc|Iron Head|p2b: Dondozo\n|-resisted|p2b: Dondozo\n|-damage|p2b: Dondozo|54\/100\n|move|p2b: Dondozo|Body Press|p1a: Roc\n|-damage|p1a: Roc|36\/100\n|\n|upkeep\n|turn|18\n|\n|t:|1683914239\n|move|p1a: Roc|Roost|p1a: Roc\n|-heal|p1a: Roc|86\/100\n|move|p2b: Dondozo|Yawn|p1a: Roc\n|-start|p1a: Roc|move: Yawn|[of] p2b: Dondozo\n|\n|upkeep\n|turn|19\n|\n|t:|1683914252\n|move|p2b: Dondozo|Protect|p2b: Dondozo\n|-singleturn|p2b: Dondozo|Protect\n|move|p1a: Roc|Roost|p1a: Roc\n|-heal|p1a: Roc|100\/100\n|\n|-end|p1a: Roc|move: Yawn|[silent]\n|-status|p1a: Roc|slp\n|upkeep\n|turn|20\n|\n|t:|1683914256\n|cant|p1a: Roc|slp\n|move|p2b: Dondozo|Body Press|p1a: Roc\n|-damage|p1a: Roc|79\/100 slp\n|\n|upkeep\n|turn|21\n|\n|t:|1683914260\n|-curestatus|p1a: Roc|slp|[msg]\n|move|p1a: Roc|Brave Bird|p2b: Dondozo\n|-damage|p2b: Dondozo|27\/100\n|-enditem|p2b: Dondozo|Sitrus Berry|[eat]\n|-heal|p2b: Dondozo|52\/100|[from] item: Sitrus Berry\n|-damage|p1a: Roc|69\/100|[from] Recoil\n|move|p2b: Dondozo|Body Press|p1a: Roc\n|-damage|p1a: Roc|46\/100\n|\n|upkeep\n|turn|22\n|\n|t:|1683914274\n|move|p1a: Roc|Brave Bird|p2b: Dondozo\n|-damage|p2b: Dondozo|26\/100\n|-damage|p1a: Roc|36\/100|[from] Recoil\n|move|p2b: Dondozo|Yawn|p1a: Roc\n|-start|p1a: Roc|move: Yawn|[of] p2b: Dondozo\n|\n|upkeep\n|turn|23\n|\n|t:|1683914286\n|move|p2b: Dondozo|Protect|p2b: Dondozo\n|-singleturn|p2b: Dondozo|Protect\n|move|p1a: Roc|Roost|p1a: Roc\n|-heal|p1a: Roc|86\/100\n|\n|-end|p1a: Roc|move: Yawn|[silent]\n|-status|p1a: Roc|slp\n|upkeep\n|turn|24\n|\n|t:|1683914292\n|cant|p1a: Roc|slp\n|move|p2b: Dondozo|Body Press|p1a: Roc\n|-damage|p1a: Roc|63\/100 slp\n|\n|upkeep\n|turn|25\n|\n|t:|1683914298\n|cant|p1a: Roc|slp\n|move|p2b: Dondozo|Body Press|p1a: Roc\n|-damage|p1a: Roc|43\/100 slp\n|\n|upkeep\n|turn|26\n|\n|t:|1683914303\n|cant|p1a: Roc|slp\n|move|p2b: Dondozo|Body Press|p1a: Roc\n|-damage|p1a: Roc|22\/100 slp\n|\n|upkeep\n|turn|27\n|\n|t:|1683914311\n|-curestatus|p1a: Roc|slp|[msg]\n|move|p1a: Roc|Brave Bird|p2b: Dondozo\n|-damage|p2b: Dondozo|0 fnt\n|faint|p2b: Dondozo\n|-damage|p1a: Roc|13\/100|[from] Recoil\n|\n|win|RIPTheDollarMenu\n|raw|RIPTheDollarMenu's rating: 1086 → 1115<\/strong> (+29 for winning)\n|raw|Rylanor VGC's rating: 1108 → 1081<\/strong> (-27 for losing)\n|c|\u2606RIPTheDollarMenu|gg!\n","uploadtime":1683914320,"views":13,"p1id":"ripthedollarmenu","p2id":"rylanorvgc","formatid":"gen9vgc2023regulationc","rating":1081,"private":0,"password":""}