{"id":"gen9vgc2023regulationc-1859060163","p1":"victini hope","p2":"Akram Hamdi VGC","format":"[Gen 9] VGC 2023 Regulation C","log":"|j|\u2606victini hope\n|j|\u2606Akram Hamdi VGC\n|t:|1683399732\n|gametype|doubles\n|player|p1|victini hope|169|1679\n|player|p2|Akram Hamdi VGC|bertha|1601\n|teamsize|p1|6\n|teamsize|p2|6\n|gen|9\n|tier|[Gen 9] VGC 2023 Regulation C\n|rated|\n|rule|Species Clause: Limit one of each Pok\u00e9mon\n|rule|Item Clause: Limit one of each item\n|clearpoke\n|poke|p1|Chien-Pao, L50|\n|poke|p1|Chi-Yu, L50|\n|poke|p1|Flutter Mane, L50|\n|poke|p1|Dragonite, L50, F|\n|poke|p1|Dondozo, L50, M|\n|poke|p1|Tatsugiri-Stretchy, L50, F|\n|poke|p2|Farigiraf, L50, F|\n|poke|p2|Great Tusk, L50|\n|poke|p2|Flutter Mane, L50|\n|poke|p2|Iron Bundle, L50|\n|poke|p2|Torkoal, L50, F|\n|poke|p2|Lilligant, L50, F|\n|teampreview|4\n|inactive|Battle timer is ON: inactive players will automatically lose when time's up. (requested by Akram Hamdi VGC)\nAkram Hamdi VGC has agreed to open team sheets.\n|inactive|Akram Hamdi VGC has 60 seconds left.\n|\n|t:|1683399775\n|start\n|switch|p1a: Chien-Pao|Chien-Pao, L50|100\/100\n|switch|p1b: Dragonite|Dragonite, L50, F|100\/100\n|switch|p2a: Wassila|Lilligant, L50, F|100\/100\n|switch|p2b: DJESZJA|Torkoal, L50, F|100\/100\n|-ability|p1a: Chien-Pao|Sword of Ruin\n|-weather|SunnyDay|[from] ability: Drought|[of] p2b: DJESZJA\n|turn|1\n|\n|t:|1683399796\n|switch|p2b: Rani!|Farigiraf, L50, F|100\/100\n|-terastallize|p1b: Dragonite|Normal\n|move|p1b: Dragonite|Extreme Speed||[still]\n|cant|p2b: Rani!|ability: Armor Tail|Extreme Speed|[of] p1b: Dragonite\n|move|p2a: Wassila|Sleep Powder|p1a: Chien-Pao\n|-status|p1a: Chien-Pao|slp|[from] move: Sleep Powder\n|cant|p1a: Chien-Pao|slp\n|\n|-weather|SunnyDay|[upkeep]\n|upkeep\n|turn|2\n|j| user_9093292\n|\n|t:|1683399817\n|switch|p1b: Flutter Mane|Flutter Mane, L50|100\/100\n|-activate|p1b: Flutter Mane|ability: Protosynthesis\n|-start|p1b: Flutter Mane|protosynthesisspe\n|move|p2a: Wassila|Sleep Powder|p1b: Flutter Mane\n|-status|p1b: Flutter Mane|slp|[from] move: Sleep Powder\n|cant|p1a: Chien-Pao|slp\n|move|p2b: Rani!|Hyper Voice|p1a: Chien-Pao|[spread] p1a\n|-immune|p1b: Flutter Mane\n|-damage|p1a: Chien-Pao|50\/100 slp\n|\n|-weather|SunnyDay|[upkeep]\n|upkeep\n|turn|3\n|\n|t:|1683399835\n|cant|p1a: Chien-Pao|slp\n|move|p2a: Wassila|After You|p2b: Rani!\n|-activate|p2b: Rani!|move: After You\n|move|p2b: Rani!|Hyper Voice|p1b: Flutter Mane|[spread] p1a\n|-immune|p1b: Flutter Mane\n|-damage|p1a: Chien-Pao|4\/100 slp\n|cant|p1b: Flutter Mane|slp\n|\n|-weather|SunnyDay|[upkeep]\n|upkeep\n|turn|4\n|\n|t:|1683399854\n|-curestatus|p1a: Chien-Pao|slp|[msg]\n|move|p1a: Chien-Pao|Protect|p1a: Chien-Pao\n|-singleturn|p1a: Chien-Pao|Protect\n|move|p2a: Wassila|Leaf Storm|p1b: Flutter Mane\n|-damage|p1b: Flutter Mane|38\/100 slp\n|-unboost|p2a: Wassila|spa|2\n|cant|p1b: Flutter Mane|slp\n|move|p2b: Rani!|Psyshock|p1b: Flutter Mane\n|-damage|p1b: Flutter Mane|0 fnt\n|faint|p1b: Flutter Mane\n|-end|p1b: Flutter Mane|Protosynthesis|[silent]\n|\n|-weather|SunnyDay|[upkeep]\n|upkeep\n|\n|t:|1683399871\n|switch|p1b: Dragonite|Dragonite, L50, F, tera:Normal|100\/100\n|turn|5\n|\n|t:|1683399879\n|switch|p1a: Chi-Yu|Chi-Yu, L50|100\/100\n|-ability|p1a: Chi-Yu|Beads of Ruin\n|move|p2a: Wassila|Sleep Powder|p1b: Dragonite\n|-status|p1b: Dragonite|slp|[from] move: Sleep Powder\n|cant|p1b: Dragonite|slp\n|move|p2b: Rani!|Trick Room|p2b: Rani!\n|-fieldstart|move: Trick Room|[of] p2b: Rani!\n|\n|-weather|none\n|upkeep\n|turn|6\n|\n|t:|1683399900\n|move|p1a: Chi-Yu|Protect|p1a: Chi-Yu\n|-singleturn|p1a: Chi-Yu|Protect\n|move|p2b: Rani!|Hyper Voice|p1b: Dragonite|[spread] p1b\n|-activate|p1a: Chi-Yu|move: Protect\n|-damage|p1b: Dragonite|57\/100 slp\n|cant|p1b: Dragonite|slp\n|move|p2a: Wassila|Sleep Powder|p1a: Chi-Yu\n|-activate|p1a: Chi-Yu|move: Protect\n|\n|upkeep\n|turn|7\n|\n|t:|1683399922\n|move|p2b: Rani!|Hyper Voice|p1a: Chi-Yu|[spread] p1a,p1b\n|-crit|p1a: Chi-Yu\n|-damage|p1a: Chi-Yu|47\/100\n|-damage|p1b: Dragonite|15\/100 slp\n|-curestatus|p1b: Dragonite|slp|[msg]\n|move|p1b: Dragonite|Outrage|p2a: Wassila\n|-damage|p2a: Wassila|0 fnt\n|faint|p2a: Wassila\n|move|p1a: Chi-Yu|Heat Wave|p2b: Rani!\n|-damage|p2b: Rani!|23\/100\n|\n|upkeep\n|\n|t:|1683399931\n|switch|p2a: DJESZJA|Torkoal, L50, F|100\/100\n|-weather|SunnyDay|[from] ability: Drought|[of] p2a: DJESZJA\n|turn|8\n|l| user_9093292\n|\n|t:|1683399939\n|move|p1a: Chi-Yu|Protect|p1a: Chi-Yu\n|-singleturn|p1a: Chi-Yu|Protect\n|move|p2a: DJESZJA|Eruption|p1a: Chi-Yu|[spread] p1b\n|-activate|p1a: Chi-Yu|move: Protect\n|-damage|p1b: Dragonite|0 fnt\n|faint|p1b: Dragonite\n|move|p2b: Rani!|Hyper Voice|p1a: Chi-Yu\n|-activate|p1a: Chi-Yu|move: Protect\n|\n|-weather|SunnyDay|[upkeep]\n|upkeep\n|\n|t:|1683399945\n|switch|p1b: Chien-Pao|Chien-Pao, L50|4\/100\n|-ability|p1b: Chien-Pao|Sword of Ruin\n|turn|9\n|\n|t:|1683399947\n|move|p1a: Chi-Yu|Protect|p1a: Chi-Yu\n|-singleturn|p1a: Chi-Yu|Protect\n|move|p1b: Chien-Pao|Protect|p1b: Chien-Pao\n|-singleturn|p1b: Chien-Pao|Protect\n|move|p2a: DJESZJA|Eruption|p1b: Chien-Pao|[spread] \n|-activate|p1a: Chi-Yu|move: Protect\n|-activate|p1b: Chien-Pao|move: Protect\n|move|p2b: Rani!|Hyper Voice|p1a: Chi-Yu|[spread] \n|-activate|p1a: Chi-Yu|move: Protect\n|-activate|p1b: Chien-Pao|move: Protect\n|\n|-weather|SunnyDay|[upkeep]\n|-fieldend|move: Trick Room\n|upkeep\n|turn|10\n|\n|t:|1683399962\n|move|p1b: Chien-Pao|Ice Spinner|p2a: DJESZJA\n|-resisted|p2a: DJESZJA\n|-crit|p2a: DJESZJA\n|-damage|p2a: DJESZJA|68\/100\n|move|p1a: Chi-Yu|Heat Wave|p2b: Rani!|[spread] p2a,p2b\n|-resisted|p2a: DJESZJA\n|-damage|p2a: DJESZJA|17\/100\n|-damage|p2b: Rani!|0 fnt\n|faint|p2b: Rani!\n|move|p2a: DJESZJA|Eruption|p1a: Chi-Yu|[spread] p1a,p1b\n|-resisted|p1a: Chi-Yu\n|-supereffective|p1b: Chien-Pao\n|-damage|p1a: Chi-Yu|37\/100\n|-damage|p1b: Chien-Pao|0 fnt\n|faint|p1b: Chien-Pao\n|\n|-weather|SunnyDay|[upkeep]\n|upkeep\n|\n|t:|1683399968\n|switch|p2b: Tranga Rugie|Flutter Mane, L50|100\/100\n|-activate|p2b: Tranga Rugie|ability: Protosynthesis\n|-start|p2b: Tranga Rugie|protosynthesisspa\n|turn|11\n|\n|t:|1683399972\n|move|p2b: Tranga Rugie|Moonblast|p1a: Chi-Yu\n|-damage|p1a: Chi-Yu|0 fnt\n|faint|p1a: Chi-Yu\n|\n|win|Akram Hamdi VGC\n|raw|victini hope's rating: 1679 → 1655<\/strong> (-24 for losing)\n|raw|Akram Hamdi VGC's rating: 1601 → 1625<\/strong> (+24 for winning)\n|c|\u2606Akram Hamdi VGC|Gg\n|l|\u2606victini hope\n","uploadtime":1683399976,"views":14,"p1id":"victinihope","p2id":"akramhamdivgc","formatid":"gen9vgc2023regulationc","rating":1625,"private":0,"password":""}