{"id":"gen9vgc2023regulationc-1859726543","p1":"Pikachudo2","p2":"SableyeIlluminati","format":"[Gen 9] VGC 2023 Regulation C","log":"|j|\u2606Pikachudo2\n|j|\u2606SableyeIlluminati\n|t:|1683559469\n|gametype|doubles\n|player|p1|Pikachudo2|102|1192\n|player|p2|SableyeIlluminati|ingo|1134\n|teamsize|p1|6\n|teamsize|p2|6\n|gen|9\n|tier|[Gen 9] VGC 2023 Regulation C\n|rated|\n|rule|Species Clause: Limit one of each Pok\u00e9mon\n|rule|Item Clause: Limit one of each item\n|clearpoke\n|poke|p1|Arcanine, L50, M|\n|poke|p1|Amoonguss, L50, M|\n|poke|p1|Flutter Mane, L50|\n|poke|p1|Iron Hands, L50|\n|poke|p1|Glimmora, L50, F|\n|poke|p1|Chien-Pao, L50|\n|poke|p2|Armarouge, L50, M|\n|poke|p2|Flutter Mane, L50|\n|poke|p2|Maushold, L50|\n|poke|p2|Annihilape, L50, F|\n|poke|p2|Torkoal, L50, F|\n|poke|p2|Lilligant, L50, F|\n|teampreview|4\n|inactive|Battle timer is ON: inactive players will automatically lose when time's up. (requested by SableyeIlluminati)\n|inactive|SableyeIlluminati has 60 seconds left.\n|\n|t:|1683559515\n|start\n|switch|p1a: Flutter Mane|Flutter Mane, L50|100\/100\n|switch|p1b: Glimmora|Glimmora, L50, F|100\/100\n|switch|p2a: Armarouge|Armarouge, L50, M|100\/100\n|switch|p2b: Maushold|Maushold, L50|100\/100\n|-enditem|p1a: Flutter Mane|Booster Energy\n|-activate|p1a: Flutter Mane|ability: Protosynthesis|[fromitem]\n|-start|p1a: Flutter Mane|protosynthesisspe\n|turn|1\n|inactive|Pikachudo2 has 30 seconds left.\n|inactive|SableyeIlluminati has 30 seconds left.\n|inactive|Pikachudo2 has 20 seconds left.\n|inactive|SableyeIlluminati has 20 seconds left.\n|inactive|Pikachudo2 has 15 seconds left.\n|inactive|SableyeIlluminati has 15 seconds left.\n|inactive|SableyeIlluminati has 10 seconds left.\n|\n|t:|1683559562\n|move|p2b: Maushold|Follow Me|p2b: Maushold\n|-singleturn|p2b: Maushold|move: Follow Me\n|move|p1a: Flutter Mane|Substitute|p1a: Flutter Mane\n|-start|p1a: Flutter Mane|Substitute\n|-damage|p1a: Flutter Mane|76\/100\n|move|p1b: Glimmora|Mortal Spin|p2a: Armarouge|[spread] p2a,p2b\n|-damage|p2a: Armarouge|97\/100\n|-damage|p2b: Maushold|97\/100\n|-status|p2a: Armarouge|psn\n|-status|p2b: Maushold|psn\n|move|p2a: Armarouge|Psychic|p1b: Glimmora\n|-supereffective|p1b: Glimmora\n|-damage|p1b: Glimmora|0 fnt\n|faint|p1b: Glimmora\n|-damage|p2a: Armarouge|87\/100 psn|[from] item: Life Orb\n|\n|-damage|p2b: Maushold|84\/100 psn|[from] psn\n|-damage|p2a: Armarouge|75\/100 psn|[from] psn\n|upkeep\n|\n|t:|1683559578\n|switch|p1b: Iron Hands|Iron Hands, L50|100\/100\n|turn|2\n|inactive|SableyeIlluminati has 30 seconds left.\n|inactive|SableyeIlluminati has 20 seconds left.\n|\n|t:|1683559615\n|move|p1b: Iron Hands|Fake Out|p2a: Armarouge\n|-damage|p2a: Armarouge|65\/100 psn\n|move|p1a: Flutter Mane|Dazzling Gleam|p2b: Maushold|[spread] p2a,p2b\n|-resisted|p2a: Armarouge\n|-damage|p2a: Armarouge|52\/100 psn\n|-damage|p2b: Maushold|52\/100 psn\n|move|p2b: Maushold|Super Fang|p1b: Iron Hands\n|-damage|p1b: Iron Hands|51\/100\n|cant|p2a: Armarouge|flinch\n|\n|-damage|p2b: Maushold|40\/100 psn|[from] psn\n|-damage|p2a: Armarouge|40\/100 psn|[from] psn\n|upkeep\n|turn|3\n|\n|t:|1683559636\n|move|p1a: Flutter Mane|Hex|p2a: Armarouge\n|-supereffective|p2a: Armarouge\n|-damage|p2a: Armarouge|0 fnt\n|faint|p2a: Armarouge\n|move|p2b: Maushold|Encore|p1b: Iron Hands\n|-start|p1b: Iron Hands|Encore\n|move|p1b: Iron Hands|Fake Out||[still]\n|-hint|Fake Out only works on your first turn out.\n|-fail|p1b: Iron Hands\n|\n|-damage|p2b: Maushold|28\/100 psn|[from] psn\n|upkeep\n|\n|t:|1683559651\n|switch|p2a: Flutter Mane|Flutter Mane, L50|100\/100\n|-enditem|p2a: Flutter Mane|Booster Energy\n|-activate|p2a: Flutter Mane|ability: Protosynthesis|[fromitem]\n|-start|p2a: Flutter Mane|protosynthesisspa\n|turn|4\n|\n|t:|1683559667\n|-end|p1b: Iron Hands|Quark Drive|[silent]\n|switch|p1b: Chien-Pao|Chien-Pao, L50|100\/100\n|-ability|p1b: Chien-Pao|Sword of Ruin\n|-terastallize|p2a: Flutter Mane|Fairy\n|move|p2b: Maushold|Protect|p2b: Maushold\n|-singleturn|p2b: Maushold|Protect\n|move|p1a: Flutter Mane|Dazzling Gleam|p2a: Flutter Mane|[spread] p2a\n|-activate|p2b: Maushold|move: Protect\n|-damage|p2a: Flutter Mane|77\/100\n|move|p2a: Flutter Mane|Dazzling Gleam|p1b: Chien-Pao|[spread] p1a,p1b\n|-crit|p1a: Flutter Mane\n|-end|p1a: Flutter Mane|Substitute\n|-supereffective|p1b: Chien-Pao\n|-enditem|p1b: Chien-Pao|Focus Sash\n|-damage|p1b: Chien-Pao|1\/100\n|\n|-damage|p2b: Maushold|16\/100 psn|[from] psn\n|upkeep\n|turn|5\n|\n|t:|1683559687\n|move|p1b: Chien-Pao|Protect|p1b: Chien-Pao\n|-singleturn|p1b: Chien-Pao|Protect\n|move|p2b: Maushold|Follow Me|p2b: Maushold\n|-singleturn|p2b: Maushold|move: Follow Me\n|move|p1a: Flutter Mane|Dazzling Gleam|p2b: Maushold|[spread] p2a,p2b\n|-damage|p2a: Flutter Mane|53\/100\n|-damage|p2b: Maushold|0 fnt\n|faint|p2b: Maushold\n|move|p2a: Flutter Mane|Dazzling Gleam|p1b: Chien-Pao|[spread] p1a\n|-activate|p1b: Chien-Pao|move: Protect\n|-damage|p1a: Flutter Mane|17\/100\n|\n|upkeep\n|\n|t:|1683559696\n|switch|p2b: Torkoal|Torkoal, L50, F|100\/100\n|-weather|SunnyDay|[from] ability: Drought|[of] p2b: Torkoal\n|turn|6\n|\n|t:|1683559712\n|move|p2a: Flutter Mane|Protect|p2a: Flutter Mane\n|-singleturn|p2a: Flutter Mane|Protect\n|move|p1b: Chien-Pao|Sucker Punch||[still]\n|-fail|p1b: Chien-Pao\n|move|p1a: Flutter Mane|Dazzling Gleam|p2a: Flutter Mane|[spread] p2b\n|-activate|p2a: Flutter Mane|move: Protect\n|-resisted|p2b: Torkoal\n|-damage|p2b: Torkoal|80\/100\n|move|p2b: Torkoal|Eruption|p1b: Chien-Pao|[spread] p1a,p1b\n|-supereffective|p1b: Chien-Pao\n|-damage|p1a: Flutter Mane|0 fnt\n|-damage|p1b: Chien-Pao|0 fnt\n|faint|p1a: Flutter Mane\n|-end|p1a: Flutter Mane|Protosynthesis|[silent]\n|faint|p1b: Chien-Pao\n|\n|-weather|SunnyDay|[upkeep]\n|upkeep\n|\n|t:|1683559714\n|switch|p1b: Iron Hands|Iron Hands, L50|51\/100\n|turn|7\n|-message|Pikachudo2 forfeited.\n|\n|win|SableyeIlluminati\n|raw|Pikachudo2's rating: 1192 → 1163<\/strong> (-29 for losing)\n|raw|SableyeIlluminati's rating: 1134 → 1163<\/strong> (+29 for winning)\n|l|\u2606Pikachudo2\n","uploadtime":1683559934,"views":13,"p1id":"pikachudo2","p2id":"sableyeilluminati","formatid":"gen9vgc2023regulationc","rating":1163,"private":0,"password":""}