{"id":"gen9vgc2023regulationc-1854586993","p1":"testtestbaby","p2":"Nightmare_King_VGC","format":"[Gen 9] VGC 2023 Regulation C","log":"|j|\u2606testtestbaby\n|j|\u2606Nightmare_King_VGC\n|t:|1682831344\n|gametype|doubles\n|player|p1|testtestbaby|101|1431\n|player|p2|Nightmare_King_VGC|veteranf|1467\n|teamsize|p1|6\n|teamsize|p2|6\n|gen|9\n|tier|[Gen 9] VGC 2023 Regulation C\n|rated|\n|rule|Species Clause: Limit one of each Pok\u00e9mon\n|rule|Item Clause: Limit one of each item\n|clearpoke\n|poke|p1|Dondozo, L50, F|\n|poke|p1|Tatsugiri, L50, F|\n|poke|p1|Chien-Pao, L50|\n|poke|p1|Flutter Mane, L50|\n|poke|p1|Annihilape, L50, F|\n|poke|p1|Maushold-Four, L50|\n|poke|p2|Iron Bundle, L50|\n|poke|p2|Dragonite, L50, M|\n|poke|p2|Dondozo, L50, F|\n|poke|p2|Tatsugiri, L50, F|\n|poke|p2|Chi-Yu, L50|\n|poke|p2|Glimmora, L50, M|\n|teampreview|4\n|j| Nanshan01\n|j| Braindeadmeta\n|\n|t:|1682831387\n|start\n|switch|p1a: Flutter Mane|Flutter Mane, L50|100\/100\n|switch|p1b: Annihilape|Annihilape, L50, F|100\/100\n|switch|p2a: Glimmora|Glimmora, L50, M|100\/100\n|switch|p2b: Chi-Yu|Chi-Yu, L50|100\/100\n|-ability|p2b: Chi-Yu|Beads of Ruin\n|turn|1\n|l| Braindeadmeta\n|j| Braindeadmeta\n|l| Braindeadmeta\n|j| Braindeadmeta\n|inactive|Battle timer is ON: inactive players will automatically lose when time's up. (requested by Nightmare_King_VGC)\n|\n|t:|1682831424\n|move|p1b: Annihilape|Final Gambit|p2a: Glimmora\n|-damage|p2a: Glimmora|0 fnt\n|faint|p1b: Annihilape\n|faint|p2a: Glimmora\n|move|p1a: Flutter Mane|Moonblast|p2b: Chi-Yu\n|-damage|p2b: Chi-Yu|17\/100\n|-damage|p1a: Flutter Mane|91\/100|[from] item: Life Orb\n|move|p2b: Chi-Yu|Heat Wave|p1a: Flutter Mane|[miss]\n|-miss|p2b: Chi-Yu|p1a: Flutter Mane\n|\n|upkeep\n|\n|t:|1682831434\n|switch|p1b: Dondozo|Dondozo, L50, F|100\/100\n|switch|p2a: Dondozo|Dondozo, L50, F|100\/100\n|turn|2\n|c| Nanshan01|\u7ef7\n|inactive|testtestbaby has 30 seconds left.\n|inactive|Nightmare_King_VGC has 30 seconds left.\n|c|\u2606Nightmare_King_VGC|\u603b\u4e0d\u4f1a\u90fd\u662f\u56fd\u4eba\u5427\n|inactive|Nightmare_King_VGC has 20 seconds left.\n|\n|t:|1682831473\n|switch|p2b: Tatsugiri|Tatsugiri, L50, F|100\/100\n|-activate|p2b: Tatsugiri|ability: Commander|[of] p2a: Dondozo\n|-boost|p2a: Dondozo|atk|2\n|-boost|p2a: Dondozo|spa|2\n|-boost|p2a: Dondozo|spe|2\n|-boost|p2a: Dondozo|def|2\n|-boost|p2a: Dondozo|spd|2\n|-terastallize|p2a: Dondozo|Grass\n|-terastallize|p1b: Dondozo|Flying\n|move|p1a: Flutter Mane|Dazzling Gleam|p2a: Dondozo|[spread] p2a\n|-miss|p1a: Flutter Mane|p2b: Tatsugiri\n|-damage|p2a: Dondozo|79\/100\n|-damage|p1a: Flutter Mane|81\/100|[from] item: Life Orb\n|move|p2a: Dondozo|Earthquake|p1b: Dondozo|[spread] p1a\n|-miss|p2a: Dondozo|p2b: Tatsugiri\n|-immune|p1b: Dondozo\n|-damage|p1a: Flutter Mane|2\/100\n|move|p1b: Dondozo|Tera Blast|p2a: Dondozo\n|-supereffective|p2a: Dondozo\n|-damage|p2a: Dondozo|26\/100\n|\n|-heal|p2a: Dondozo|32\/100|[from] item: Leftovers\n|upkeep\n|turn|3\n|\n|t:|1682831496\n|-end|p1a: Flutter Mane|Protosynthesis|[silent]\n|switch|p1a: Tatsugiri|Tatsugiri, L50, F|100\/100\n|-activate|p1a: Tatsugiri|ability: Commander|[of] p1b: Dondozo\n|-boost|p1b: Dondozo|atk|2\n|-boost|p1b: Dondozo|spa|2\n|-boost|p1b: Dondozo|spe|2\n|-boost|p1b: Dondozo|def|2\n|-boost|p1b: Dondozo|spd|2\n|move|p2a: Dondozo|Protect|p2a: Dondozo\n|-singleturn|p2a: Dondozo|Protect\n|move|p1b: Dondozo|Tera Blast|p2a: Dondozo\n|-activate|p2a: Dondozo|move: Protect\n|\n|-heal|p2a: Dondozo|39\/100|[from] item: Leftovers\n|upkeep\n|turn|4\n|\n|t:|1682831509\n|move|p2a: Dondozo|Wave Crash|p1b: Dondozo\n|-damage|p1b: Dondozo|64\/100\n|-damage|p2a: Dondozo|26\/100|[from] Recoil\n|move|p1b: Dondozo|Tera Blast|p2a: Dondozo\n|-supereffective|p2a: Dondozo\n|-damage|p2a: Dondozo|0 fnt\n|faint|p2a: Dondozo\n|\n|-heal|p1b: Dondozo|70\/100|[from] item: Leftovers\n|upkeep\n|\n|t:|1682831515\n|switch|p2a: Chi-Yu|Chi-Yu, L50|17\/100\n|-ability|p2a: Chi-Yu|Beads of Ruin\n|turn|5\n|\n|t:|1682831521\n|move|p2a: Chi-Yu|Protect|p2a: Chi-Yu\n|-singleturn|p2a: Chi-Yu|Protect\n|move|p2b: Tatsugiri|Draco Meteor|p1b: Dondozo\n|-damage|p1b: Dondozo|25\/100\n|-unboost|p2b: Tatsugiri|spa|2\n|move|p1b: Dondozo|Earthquake|p2b: Tatsugiri|[spread] p2b\n|-miss|p1b: Dondozo|p1a: Tatsugiri\n|-activate|p2a: Chi-Yu|move: Protect\n|-damage|p2b: Tatsugiri|20\/100\n|\n|-heal|p1b: Dondozo|31\/100|[from] item: Leftovers\n|upkeep\n|turn|6\n|c| Nanshan01|\u949b\u6676\u8349\u4f3c\u4e4e\u4e0d\u592a\u597d\n|\n|t:|1682831535\n|move|p1b: Dondozo|Protect|p1b: Dondozo\n|-singleturn|p1b: Dondozo|Protect\n|move|p2b: Tatsugiri|Draco Meteor|p1b: Dondozo\n|-activate|p1b: Dondozo|move: Protect\n|move|p2a: Chi-Yu|Dark Pulse|p1a: Tatsugiri|[miss]\n|-miss|p2a: Chi-Yu|p1a: Tatsugiri\n|\n|-heal|p1b: Dondozo|38\/100|[from] item: Leftovers\n|upkeep\n|turn|7\n|l| Braindeadmeta\n|c|\u2606Nightmare_King_VGC|\u5f88\u597d\n|\n|t:|1682831544\n|move|p2b: Tatsugiri|Draco Meteor|p1b: Dondozo\n|-damage|p1b: Dondozo|0 fnt\n|-unboost|p2b: Tatsugiri|spa|2\n|faint|p1b: Dondozo\n|move|p2a: Chi-Yu|Dark Pulse|p1a: Tatsugiri\n|-damage|p1a: Tatsugiri|39\/100\n|\n|upkeep\n|c|\u2606Nightmare_King_VGC|\u53ea\u662f\u521a\u597d\u9047\u89c1\u51a4\u5bb6\u4e86\n|\n|t:|1682831553\n|switch|p1b: Flutter Mane|Flutter Mane, L50|2\/100\n|turn|8\n|c|\u2606Nightmare_King_VGC|\u4f46\u51e1\u70ed\u98ce\u6ca1\u7a7a\n|\n|t:|1682831572\n|move|p2a: Chi-Yu|Protect|p2a: Chi-Yu\n|-singleturn|p2a: Chi-Yu|Protect\n|move|p2b: Tatsugiri|Draco Meteor|p1a: Tatsugiri\n|-supereffective|p1a: Tatsugiri\n|-damage|p1a: Tatsugiri|0 fnt\n|-unboost|p2b: Tatsugiri|spa|2\n|faint|p1a: Tatsugiri\n|move|p1b: Flutter Mane|Dazzling Gleam|p2b: Tatsugiri|[spread] p2b\n|-activate|p2a: Chi-Yu|move: Protect\n|-supereffective|p2b: Tatsugiri\n|-damage|p2b: Tatsugiri|0 fnt\n|faint|p2b: Tatsugiri\n|-damage|p1b: Flutter Mane|0 fnt|[from] item: Life Orb\n|faint|p1b: Flutter Mane\n|-end|p1b: Flutter Mane|Protosynthesis|[silent]\n|\n|win|Nightmare_King_VGC\n|raw|testtestbaby's rating: 1431 → 1413<\/strong> (-18 for losing)\n|raw|Nightmare_King_VGC's rating: 1467 → 1485<\/strong> (+18 for winning)\n|c| Nanshan01|qs\n|c|\u2606Nightmare_King_VGC|\u9c7c\uff1a\u6211\u4eec\u56db\u4e2a\u771f\u5f3a\n|l| Nanshan01\n","uploadtime":1682831617,"views":14,"p1id":"testtestbaby","p2id":"nightmarekingvgc","formatid":"gen9vgc2023regulationc","rating":1413,"private":0,"password":""}