{"id":"gen9vgc2023regulationc-1846219118","p1":"BlindMagneton","p2":"starterX","format":"[Gen 9] VGC 2023 Regulation C","log":"|j|\u2606BlindMagneton\n|j|\u2606starterX\n|t:|1681822483\n|gametype|doubles\n|player|p1|BlindMagneton|wattson|1208\n|player|p2|starterX|102|1177\n|teamsize|p1|6\n|teamsize|p2|6\n|gen|9\n|tier|[Gen 9] VGC 2023 Regulation C\n|rated|\n|rule|Species Clause: Limit one of each Pok\u00e9mon\n|rule|Item Clause: Limit one of each item\n|clearpoke\n|poke|p1|Iron Bundle, L50|\n|poke|p1|Palafin, L50, F|\n|poke|p1|Ceruledge, L50, F|\n|poke|p1|Grimmsnarl, L50, M|\n|poke|p1|Dachsbun, L50, M|\n|poke|p1|Dragapult, L50, F|\n|poke|p2|Brute Bonnet, L50|\n|poke|p2|Ting-Lu, L50|\n|poke|p2|Flutter Mane, L50|\n|poke|p2|Iron Bundle, L50|\n|poke|p2|Torkoal, L50, M|\n|poke|p2|Lilligant, L50, F|\n|teampreview|4\n|inactive|Battle timer is ON: inactive players will automatically lose when time's up. (requested by starterX)\n|inactive|BlindMagneton has 60 seconds left.\n|\n|t:|1681822567\n|start\n|switch|p1a: Grimmsnarl|Grimmsnarl, L50, M|100\/100\n|switch|p1b: Dragapult|Dragapult, L50, F|100\/100\n|switch|p2a: Flutter Mane|Flutter Mane, L50|100\/100\n|switch|p2b: Ting-Lu|Ting-Lu, L50|100\/100\n|-ability|p2b: Ting-Lu|Vessel of Ruin\n|turn|1\n|inactive|BlindMagneton has 30 seconds left.\n|inactive|starterX has 30 seconds left.\n|inactive|BlindMagneton has 20 seconds left.\n|inactive|starterX has 20 seconds left.\n|inactive|BlindMagneton has 15 seconds left.\n|\n|t:|1681822607\n|move|p1a: Grimmsnarl|Swagger|p2a: Flutter Mane\n|-boost|p2a: Flutter Mane|atk|2\n|-enditem|p1b: Dragapult|Mirror Herb\n|-boost|p1b: Dragapult|atk|2|[from] item: Mirror Herb\n|-start|p2a: Flutter Mane|confusion\n|move|p1b: Dragapult|Phantom Force||[still]\n|-prepare|p1b: Dragapult|Phantom Force\n|move|p2b: Ting-Lu|Heavy Slam|p1a: Grimmsnarl\n|-supereffective|p1a: Grimmsnarl\n|-enditem|p1a: Grimmsnarl|Focus Sash\n|-damage|p1a: Grimmsnarl|1\/100\n|-activate|p2a: Flutter Mane|confusion\n|move|p2a: Flutter Mane|Trick Room|p2a: Flutter Mane\n|-fieldstart|move: Trick Room|[of] p2a: Flutter Mane\n|\n|upkeep\n|turn|2\n|inactive|BlindMagneton has 30 seconds left.\n|inactive|starterX has 30 seconds left.\n|\n|t:|1681822642\n|-end|p2a: Flutter Mane|confusion\n|move|p2a: Flutter Mane|Protect|p2a: Flutter Mane\n|-singleturn|p2a: Flutter Mane|Protect\n|move|p1a: Grimmsnarl|Sucker Punch||[still]\n|-fail|p1a: Grimmsnarl\n|move|p2b: Ting-Lu|Stomping Tantrum|p1a: Grimmsnarl\n|-damage|p1a: Grimmsnarl|0 fnt\n|faint|p1a: Grimmsnarl\n|move|p1b: Dragapult|Phantom Force|p2a: Flutter Mane|[from]lockedmove\n|-activate|p2a: Flutter Mane|move: Phantom Force|[broken]\n|-supereffective|p2a: Flutter Mane\n|-damage|p2a: Flutter Mane|0 fnt\n|faint|p2a: Flutter Mane\n|-end|p2a: Flutter Mane|Protosynthesis|[silent]\n|\n|upkeep\n|inactive|BlindMagneton has 30 seconds left.\n|\n|t:|1681822672\n|switch|p1a: Dachsbun|Dachsbun, L50, M|100\/100\n|switch|p2a: Brute Bonnet|Brute Bonnet, L50|100\/100\n|turn|3\n|inactive|BlindMagneton has 30 seconds left.\n|inactive|BlindMagneton has 20 seconds left.\n|inactive|BlindMagneton has 15 seconds left.\n|inactive|BlindMagneton has 10 seconds left.\n|inactive|BlindMagneton has 5 seconds left.\n|\n|t:|1681822726\n|move|p2b: Ting-Lu|Heavy Slam|p1a: Dachsbun\n|-supereffective|p1a: Dachsbun\n|-damage|p1a: Dachsbun|26\/100\n|move|p2a: Brute Bonnet|Spore|p1b: Dragapult\n|-status|p1b: Dragapult|slp|[from] move: Spore\n|move|p1a: Dachsbun|Mud-Slap|p2a: Brute Bonnet\n|-resisted|p2a: Brute Bonnet\n|-damage|p2a: Brute Bonnet|99\/100\n|-unboost|p2a: Brute Bonnet|accuracy|1\n|cant|p1b: Dragapult|slp\n|\n|upkeep\n|turn|4\n|inactive|BlindMagneton has 30 seconds left.\n|inactive|BlindMagneton has 20 seconds left.\n|inactive|BlindMagneton has 15 seconds left.\n|\n|t:|1681822769\n|switch|p1a: Ceruledge|Ceruledge, L50, F|100\/100\n|move|p2b: Ting-Lu|Heavy Slam|p1b: Dragapult\n|-damage|p1b: Dragapult|50\/100 slp\n|move|p2a: Brute Bonnet|Bullet Seed|p1a: Ceruledge|[miss]\n|-miss|p2a: Brute Bonnet|p1a: Ceruledge\n|cant|p1b: Dragapult|slp\n|\n|upkeep\n|turn|5\n|\n|t:|1681822794\n|switch|p1b: Dachsbun|Dachsbun, L50, M|26\/100\n|-terastallize|p1a: Ceruledge|Grass\n|move|p2a: Brute Bonnet|Sucker Punch||[still]\n|-fail|p2a: Brute Bonnet\n|move|p2b: Ting-Lu|Heavy Slam|p1b: Dachsbun\n|-supereffective|p1b: Dachsbun\n|-damage|p1b: Dachsbun|0 fnt\n|faint|p1b: Dachsbun\n|move|p1a: Ceruledge|Bulk Up|p1a: Ceruledge\n|-boost|p1a: Ceruledge|atk|1\n|-boost|p1a: Ceruledge|def|1\n|\n|-fieldend|move: Trick Room\n|upkeep\n|\n|t:|1681822806\n|switch|p1b: Dragapult|Dragapult, L50, F|50\/100 slp\n|turn|6\n|\n|t:|1681822816\n|move|p2a: Brute Bonnet|Sucker Punch||[still]\n|-fail|p2a: Brute Bonnet\n|cant|p1b: Dragapult|slp\n|move|p1a: Ceruledge|Bitter Blade|p2a: Brute Bonnet\n|-supereffective|p2a: Brute Bonnet\n|-damage|p2a: Brute Bonnet|0 fnt\n|faint|p2a: Brute Bonnet\n|-end|p2a: Brute Bonnet|Protosynthesis|[silent]\n|move|p2b: Ting-Lu|Heavy Slam|p1a: Ceruledge\n|-damage|p1a: Ceruledge|72\/100\n|\n|upkeep\n|\n|t:|1681822829\n|switch|p2a: Iron Bundle|Iron Bundle, L50|100\/100\n|-enditem|p2a: Iron Bundle|Booster Energy\n|-activate|p2a: Iron Bundle|ability: Quark Drive|[fromitem]\n|-start|p2a: Iron Bundle|quarkdrivespe\n|turn|7\n|\n|t:|1681822841\n|move|p1a: Ceruledge|Protect|p1a: Ceruledge\n|-singleturn|p1a: Ceruledge|Protect\n|move|p2a: Iron Bundle|Freeze-Dry|p1a: Ceruledge\n|-activate|p1a: Ceruledge|move: Protect\n|-curestatus|p1b: Dragapult|slp|[msg]\n|move|p1b: Dragapult|Will-O-Wisp|p2b: Ting-Lu\n|-status|p2b: Ting-Lu|brn\n|move|p2b: Ting-Lu|Heavy Slam|p1b: Dragapult\n|-damage|p1b: Dragapult|21\/100\n|\n|-damage|p2b: Ting-Lu|94\/100 brn|[from] brn\n|upkeep\n|turn|8\n|\n|t:|1681822864\n|move|p2a: Iron Bundle|Freeze-Dry|p1a: Ceruledge\n|-supereffective|p1a: Ceruledge\n|-damage|p1a: Ceruledge|26\/100\n|move|p1b: Dragapult|Dragon Darts|p2a: Iron Bundle\n|-damage|p2a: Iron Bundle|70\/100\n|-anim|p1b: Dragapult|Dragon Darts|p2b: Ting-Lu\n|-damage|p2b: Ting-Lu|81\/100 brn\n|move|p1a: Ceruledge|Bitter Blade|p2a: Iron Bundle\n|-damage|p2a: Iron Bundle|0 fnt\n|-heal|p1a: Ceruledge|51\/100|[from] drain|[of] p2a: Iron Bundle\n|faint|p2a: Iron Bundle\n|-end|p2a: Iron Bundle|Quark Drive|[silent]\n|move|p2b: Ting-Lu|Heavy Slam|p1b: Dragapult\n|-crit|p1b: Dragapult\n|-damage|p1b: Dragapult|0 fnt\n|faint|p1b: Dragapult\n|\n|-damage|p2b: Ting-Lu|75\/100 brn|[from] brn\n|upkeep\n|turn|9\n|inactive|starterX has 30 seconds left.\n|\n|t:|1681822891\n|move|p1a: Ceruledge|Bitter Blade|p2b: Ting-Lu\n|-damage|p2b: Ting-Lu|38\/100 brn\n|-heal|p1a: Ceruledge|78\/100|[from] drain|[of] p2b: Ting-Lu\n|move|p2b: Ting-Lu|Ruination|p1a: Ceruledge\n|-damage|p1a: Ceruledge|40\/100\n|\n|-damage|p2b: Ting-Lu|32\/100 brn|[from] brn\n|upkeep\n|turn|10\n|\n|t:|1681822900\n|move|p1a: Ceruledge|Protect|p1a: Ceruledge\n|-singleturn|p1a: Ceruledge|Protect\n|move|p2b: Ting-Lu|Fissure|p1a: Ceruledge\n|-activate|p1a: Ceruledge|move: Protect\n|\n|-damage|p2b: Ting-Lu|26\/100 brn|[from] brn\n|upkeep\n|turn|11\n|\n|t:|1681822907\n|move|p1a: Ceruledge|Bitter Blade|p2b: Ting-Lu\n|-damage|p2b: Ting-Lu|0 fnt\n|-heal|p1a: Ceruledge|58\/100|[from] drain|[of] p2b: Ting-Lu\n|faint|p2b: Ting-Lu\n|\n|win|BlindMagneton\n|raw|BlindMagneton's rating: 1208 → 1231<\/strong> (+23 for winning)\n|raw|starterX's rating: 1177 → 1154<\/strong> (-23 for losing)\n|l|\u2606starterX\n","uploadtime":1681822915,"views":11,"p1id":"blindmagneton","p2id":"starterx","formatid":"gen9vgc2023regulationc","rating":1154,"private":0,"password":""}