{"id":"gen9vgc2023regulationc-1846472297","p1":"Jos3l","p2":"TheWanderer55","format":"[Gen 9] VGC 2023 Regulation C","log":"|j|\u2606Jos3l\n|j|\u2606TheWanderer55\n|t:|1681843672\n|gametype|doubles\n|player|p1|Jos3l|mars|1100\n|player|p2|TheWanderer55|flannery|1117\n|teamsize|p1|6\n|teamsize|p2|6\n|gen|9\n|tier|[Gen 9] VGC 2023 Regulation C\n|rated|\n|rule|Species Clause: Limit one of each Pok\u00e9mon\n|rule|Item Clause: Limit one of each item\n|clearpoke\n|poke|p1|Torkoal, L50, M|\n|poke|p1|Armarouge, L50, F|\n|poke|p1|Azumarill, L50, F|\n|poke|p1|Tyranitar, L50, F|\n|poke|p1|Eelektross, L50, F|\n|poke|p1|Indeedee-F, L50, F|\n|poke|p2|Slither Wing, L50|\n|poke|p2|Torkoal, L50, F|\n|poke|p2|Armarouge, L50, F|\n|poke|p2|Ceruledge, L50, F|\n|poke|p2|Indeedee-F, L50, F|\n|poke|p2|Roaring Moon, L50|\n|teampreview|4\n|\n|t:|1681843696\n|start\n|switch|p1a: Azumarill|Azumarill, L50, F|100\/100\n|switch|p1b: Indeedee|Indeedee-F, L50, F|100\/100\n|switch|p2a: Indeedee|Indeedee-F, L50, F, shiny|100\/100\n|switch|p2b: Ceruledge|Ceruledge, L50, F, shiny|100\/100\n|-fieldstart|move: Psychic Terrain|[from] ability: Psychic Surge|[of] p1b: Indeedee\n|-enditem|p2a: Indeedee|Psychic Seed\n|-boost|p2a: Indeedee|spd|1|[from] item: Psychic Seed\n|turn|1\n|\n|t:|1681843750\n|-terastallize|p1b: Indeedee|Steel\n|move|p1b: Indeedee|Follow Me|p1b: Indeedee\n|-singleturn|p1b: Indeedee|move: Follow Me\n|move|p2a: Indeedee|Follow Me|p2a: Indeedee\n|-singleturn|p2a: Indeedee|move: Follow Me\n|move|p2b: Ceruledge|Bitter Blade|p1b: Indeedee\n|-supereffective|p1b: Indeedee\n|-enditem|p1b: Indeedee|Focus Sash\n|-damage|p1b: Indeedee|1\/100\n|move|p1a: Azumarill|Belly Drum|p1a: Azumarill\n|-damage|p1a: Azumarill|51\/100\n|-setboost|p1a: Azumarill|atk|6|[from] move: Belly Drum\n|\n|-heal|p1a: Azumarill|57\/100|[from] item: Leftovers\n|upkeep\n|turn|2\n|\n|t:|1681843773\n|move|p2b: Ceruledge|Protect|p2b: Ceruledge\n|-singleturn|p2b: Ceruledge|Protect\n|move|p1b: Indeedee|Follow Me|p1b: Indeedee\n|-singleturn|p1b: Indeedee|move: Follow Me\n|move|p2a: Indeedee|Draining Kiss|p1b: Indeedee\n|-resisted|p1b: Indeedee\n|-damage|p1b: Indeedee|0 fnt\n|faint|p1b: Indeedee\n|move|p1a: Azumarill|Waterfall|p2b: Ceruledge\n|-activate|p2b: Ceruledge|move: Protect\n|\n|-heal|p1a: Azumarill|62\/100|[from] item: Leftovers\n|upkeep\n|\n|t:|1681843786\n|switch|p1b: Tyranitar|Tyranitar, L50, F|100\/100\n|-ability|p1b: Tyranitar|Unnerve\n|turn|3\n|\n|t:|1681843817\n|move|p2b: Ceruledge|Phantom Force||[still]\n|-prepare|p2b: Ceruledge|Phantom Force\n|move|p2a: Indeedee|Draining Kiss|p1b: Tyranitar\n|-supereffective|p1b: Tyranitar\n|-damage|p1b: Tyranitar|80\/100\n|move|p1b: Tyranitar|Dark Pulse|p2b: Ceruledge|[miss]\n|-miss|p1b: Tyranitar|p2b: Ceruledge\n|move|p1a: Azumarill|Waterfall|p2b: Ceruledge|[miss]\n|-miss|p1a: Azumarill|p2b: Ceruledge\n|\n|-heal|p1a: Azumarill|68\/100|[from] item: Leftovers\n|upkeep\n|turn|4\n|\n|t:|1681843836\n|move|p2a: Indeedee|Follow Me|p2a: Indeedee\n|-singleturn|p2a: Indeedee|move: Follow Me\n|move|p2b: Ceruledge|Phantom Force|p1a: Azumarill|[from]lockedmove\n|-damage|p1a: Azumarill|34\/100\n|move|p1b: Tyranitar|Dark Pulse|p2a: Indeedee\n|-supereffective|p2a: Indeedee\n|-damage|p2a: Indeedee|73\/100\n|move|p1a: Azumarill|Substitute|p1a: Azumarill\n|-start|p1a: Azumarill|Substitute\n|-damage|p1a: Azumarill|10\/100\n|\n|-heal|p1a: Azumarill|15\/100|[from] item: Leftovers\n|upkeep\n|turn|5\n|\n|t:|1681843902\n|move|p2b: Ceruledge|Protect|p2b: Ceruledge\n|-singleturn|p2b: Ceruledge|Protect\n|move|p2a: Indeedee|Draining Kiss|p1b: Tyranitar\n|-supereffective|p1b: Tyranitar\n|-damage|p1b: Tyranitar|62\/100\n|-heal|p2a: Indeedee|90\/100|[from] drain|[of] p1b: Tyranitar\n|move|p1b: Tyranitar|Dark Pulse|p2b: Ceruledge\n|-activate|p2b: Ceruledge|move: Protect\n|move|p1a: Azumarill|Waterfall|p2b: Ceruledge\n|-activate|p2b: Ceruledge|move: Protect\n|\n|-heal|p1a: Azumarill|21\/100|[from] item: Leftovers\n|-fieldend|move: Psychic Terrain\n|upkeep\n|turn|6\n|\n|t:|1681843925\n|move|p2b: Ceruledge|Phantom Force||[still]\n|-prepare|p2b: Ceruledge|Phantom Force\n|move|p2a: Indeedee|Draining Kiss|p1b: Tyranitar\n|-supereffective|p1b: Tyranitar\n|-damage|p1b: Tyranitar|39\/100\n|-heal|p2a: Indeedee|100\/100|[from] drain|[of] p1b: Tyranitar\n|move|p1b: Tyranitar|Dark Pulse|p2b: Ceruledge|[miss]\n|-miss|p1b: Tyranitar|p2b: Ceruledge\n|move|p1a: Azumarill|Waterfall|p2a: Indeedee\n|-damage|p2a: Indeedee|2\/100\n|\n|-heal|p1a: Azumarill|27\/100|[from] item: Leftovers\n|upkeep\n|turn|7\n|\n|t:|1681843949\n|move|p2a: Indeedee|Follow Me|p2a: Indeedee\n|-singleturn|p2a: Indeedee|move: Follow Me\n|move|p2b: Ceruledge|Phantom Force|p1a: Azumarill|[from]lockedmove\n|-end|p1a: Azumarill|Substitute\n|move|p1b: Tyranitar|Dark Pulse|p2a: Indeedee\n|-supereffective|p2a: Indeedee\n|-damage|p2a: Indeedee|0 fnt\n|faint|p2a: Indeedee\n|move|p1a: Azumarill|Play Rough|p2b: Ceruledge\n|-resisted|p2b: Ceruledge\n|-damage|p2b: Ceruledge|52\/100\n|-ability|p2b: Ceruledge|Weak Armor|boost\n|-unboost|p2b: Ceruledge|def|1\n|-boost|p2b: Ceruledge|spe|2\n|\n|-heal|p1a: Azumarill|33\/100|[from] item: Leftovers\n|upkeep\n|\n|t:|1681843963\n|switch|p2a: Torkoal|Torkoal, L50, F|100\/100\n|-weather|SunnyDay|[from] ability: Drought|[of] p2a: Torkoal\n|turn|8\n|\n|t:|1681843987\n|-terastallize|p2b: Ceruledge|Dark\n|move|p2a: Torkoal|Protect|p2a: Torkoal\n|-singleturn|p2a: Torkoal|Protect\n|move|p2b: Ceruledge|Solar Blade||[still]\n|-prepare|p2b: Ceruledge|Solar Blade\n|-anim|p2b: Ceruledge|Solar Blade|p1a: Azumarill\n|-supereffective|p1a: Azumarill\n|-damage|p1a: Azumarill|0 fnt\n|faint|p1a: Azumarill\n|move|p1b: Tyranitar|Dark Pulse|p2b: Ceruledge\n|-resisted|p2b: Ceruledge\n|-damage|p2b: Ceruledge|36\/100\n|\n|-weather|SunnyDay|[upkeep]\n|upkeep\n|-message|Jos3l forfeited.\n|\n|win|TheWanderer55\n|raw|Jos3l's rating: 1100 → 1076<\/strong> (-24 for losing)\n|raw|TheWanderer55's rating: 1117 → 1141<\/strong> (+24 for winning)\n|l|\u2606Jos3l\n|c|\u2606TheWanderer55|gg\n","uploadtime":1681844634,"views":13,"p1id":"jos3l","p2id":"thewanderer55","formatid":"gen9vgc2023regulationc","rating":1076,"private":0,"password":""}