{"id":"gen9vgc2023regulationc-1859335893","p1":"L0LZ4N0m4","p2":"leoprosinpro","format":"[Gen 9] VGC 2023 Regulation C","log":"|j|\u2606L0LZ4N0m4\n|j|\u2606leoprosinpro\n|t:|1683438354\n|gametype|doubles\n|player|p1|L0LZ4N0m4|aromalady|1219\n|player|p2|leoprosinpro|red|1095\n|teamsize|p1|6\n|teamsize|p2|6\n|gen|9\n|tier|[Gen 9] VGC 2023 Regulation C\n|rated|\n|rule|Species Clause: Limit one of each Pok\u00e9mon\n|rule|Item Clause: Limit one of each item\n|clearpoke\n|poke|p1|Tyranitar, L50, F|\n|poke|p1|Flutter Mane, L50|\n|poke|p1|Volcarona, L50, M|\n|poke|p1|Gyarados, L50, F|\n|poke|p1|Amoonguss, L50, F|\n|poke|p1|Chien-Pao, L50|\n|poke|p2|Indeedee-F, L50, F|\n|poke|p2|Flutter Mane, L50|\n|poke|p2|Golduck, L50, M|\n|poke|p2|Iron Thorns, L50|\n|poke|p2|Wo-Chien, L50|\n|poke|p2|Chien-Pao, L50|\n|teampreview|4\n|inactive|Battle timer is ON: inactive players will automatically lose when time's up. (requested by L0LZ4N0m4)\n|inactive|L0LZ4N0m4 has 60 seconds left.\n|\n|t:|1683438387\n|start\n|switch|p1a: Flutter Mane|Flutter Mane, L50|100\/100\n|switch|p1b: Volcarona|Volcarona, L50, M|100\/100\n|switch|p2a: Chien-Pao|Chien-Pao, L50|100\/100\n|switch|p2b: Indeedee|Indeedee-F, L50, F|100\/100\n|-ability|p2a: Chien-Pao|Sword of Ruin\n|-fieldstart|move: Psychic Terrain|[from] ability: Psychic Surge|[of] p2b: Indeedee\n|turn|1\n|inactive|L0LZ4N0m4 has 30 seconds left.\n|inactive|leoprosinpro has 30 seconds left.\n|\n|t:|1683438419\n|-terastallize|p2a: Chien-Pao|Dark\n|move|p2b: Indeedee|Follow Me|p2b: Indeedee\n|-singleturn|p2b: Indeedee|move: Follow Me\n|move|p2a: Chien-Pao|Throat Chop|p1a: Flutter Mane\n|-enditem|p1a: Flutter Mane|Focus Sash\n|-damage|p1a: Flutter Mane|1\/100\n|-start|p1a: Flutter Mane|Throat Chop|[silent]\n|-damage|p2a: Chien-Pao|91\/100|[from] item: Life Orb\n|move|p1a: Flutter Mane|Dazzling Gleam|p2a: Chien-Pao|[spread] p2a,p2b\n|-supereffective|p2a: Chien-Pao\n|-damage|p2a: Chien-Pao|0 fnt\n|-damage|p2b: Indeedee|77\/100\n|faint|p2a: Chien-Pao\n|move|p1b: Volcarona|Heat Wave|p2b: Indeedee\n|-damage|p2b: Indeedee|44\/100\n|\n|upkeep\n|\n|t:|1683438430\n|switch|p2a: Iron Thorns|Iron Thorns, L50|100\/100\n|-enditem|p2a: Iron Thorns|Booster Energy\n|-activate|p2a: Iron Thorns|ability: Quark Drive|[fromitem]\n|-start|p2a: Iron Thorns|quarkdriveatk\n|turn|2\n|inactive|L0LZ4N0m4 has 30 seconds left.\n|\n|t:|1683438463\n|move|p1b: Volcarona|Protect|p1b: Volcarona\n|-singleturn|p1b: Volcarona|Protect\n|move|p2b: Indeedee|Follow Me|p2b: Indeedee\n|-singleturn|p2b: Indeedee|move: Follow Me\n|move|p1a: Flutter Mane|Dazzling Gleam|p2b: Indeedee|[spread] p2a,p2b\n|-damage|p2a: Iron Thorns|64\/100\n|-damage|p2b: Indeedee|20\/100\n|-enditem|p2b: Indeedee|Aguav Berry|[eat]\n|-heal|p2b: Indeedee|53\/100|[from] item: Aguav Berry\n|move|p2a: Iron Thorns|Rock Slide|p1b: Volcarona|[spread] p1a\n|-activate|p1b: Volcarona|move: Protect\n|-damage|p1a: Flutter Mane|0 fnt\n|faint|p1a: Flutter Mane\n|-end|p1a: Flutter Mane|Protosynthesis|[silent]\n|\n|upkeep\n|\n|t:|1683438482\n|switch|p1a: Gyarados|Gyarados, L50, F|100\/100\n|-ability|p1a: Gyarados|Intimidate|boost\n|-unboost|p2a: Iron Thorns|atk|1\n|-unboost|p2b: Indeedee|atk|1\n|turn|3\n|inactive|L0LZ4N0m4 has 30 seconds left.\n|\n|t:|1683438513\n|switch|p1b: Tyranitar|Tyranitar, L50, F|100\/100\n|-weather|Sandstorm|[from] ability: Sand Stream|[of] p1b: Tyranitar\n|-terastallize|p1a: Gyarados|Steel\n|move|p2b: Indeedee|Follow Me|p2b: Indeedee\n|-singleturn|p2b: Indeedee|move: Follow Me\n|move|p2a: Iron Thorns|Wild Charge|p1a: Gyarados\n|-damage|p1a: Gyarados|56\/100\n|-damage|p2a: Iron Thorns|51\/100|[from] Recoil\n|move|p1a: Gyarados|Waterfall|p2b: Indeedee\n|-damage|p2b: Indeedee|0 fnt\n|faint|p2b: Indeedee\n|\n|-weather|Sandstorm|[upkeep]\n|upkeep\n|\n|t:|1683438520\n|switch|p2b: Wo-Chien|Wo-Chien, L50|100\/100\n|-ability|p2b: Wo-Chien|Tablets of Ruin\n|turn|4\n|inactive|L0LZ4N0m4 has 30 seconds left.\n|\n|t:|1683438548\n|move|p2a: Iron Thorns|Protect|p2a: Iron Thorns\n|-singleturn|p2a: Iron Thorns|Protect\n|move|p1a: Gyarados|Thunder Wave|p2b: Wo-Chien\n|-status|p2b: Wo-Chien|par\n|move|p1b: Tyranitar|Low Kick|p2a: Iron Thorns\n|-activate|p2a: Iron Thorns|move: Protect\n|move|p2b: Wo-Chien|Dark Pulse|p1a: Gyarados\n|-damage|p1a: Gyarados|32\/100\n|-enditem|p1a: Gyarados|Sitrus Berry|[eat]\n|-heal|p1a: Gyarados|56\/100|[from] item: Sitrus Berry\n|\n|-weather|Sandstorm|[upkeep]\n|-damage|p2b: Wo-Chien|94\/100 par|[from] Sandstorm\n|-heal|p2b: Wo-Chien|100\/100 par|[from] item: Leftovers\n|upkeep\n|turn|5\n|-message|leoprosinpro forfeited.\n|\n|win|L0LZ4N0m4\n|raw|L0LZ4N0m4's rating: 1219 → 1235<\/strong> (+16 for winning)\n|raw|leoprosinpro's rating: 1095 → 1079<\/strong> (-16 for losing)\n|l|\u2606leoprosinpro\n||Ladder isn't responding, score probably updated but might not have (Connection error).\n","uploadtime":1683438932,"views":15,"p1id":"l0lz4n0m4","p2id":"leoprosinpro","formatid":"gen9vgc2023regulationc","rating":1079,"private":0,"password":""}