{"id":"gen9vgc2023regulationc-1860516991","p1":"zlint","p2":"KanedaX0","format":"[Gen 9] VGC 2023 Regulation C","log":"|j|\u2606zlint\n|j|\u2606KanedaX0\n|t:|1683650935\n|gametype|doubles\n|player|p1|zlint|may|1367\n|player|p2|KanedaX0|shadowtriad|1442\n|teamsize|p1|6\n|teamsize|p2|6\n|gen|9\n|tier|[Gen 9] VGC 2023 Regulation C\n|rated|\n|rule|Species Clause: Limit one of each Pok\u00e9mon\n|rule|Item Clause: Limit one of each item\n|clearpoke\n|poke|p1|Scream Tail, L50|\n|poke|p1|Baxcalibur, L50, F|\n|poke|p1|Corviknight, L50, F|\n|poke|p1|Rotom-Wash, L50|\n|poke|p1|Flutter Mane, L50|\n|poke|p1|Tyranitar, L50, M|\n|poke|p2|Great Tusk, L50|\n|poke|p2|Flutter Mane, L50|\n|poke|p2|Chien-Pao, L50|\n|poke|p2|Dragonite, L50, F|\n|poke|p2|Gyarados, L50, F|\n|poke|p2|Kingambit, L50, F|\n|teampreview|4\nzlint has agreed to open team sheets.\n|\n|t:|1683650999\n|start\n|switch|p1a: Corviknight|Corviknight, L50, F, shiny|100\/100\n|switch|p1b: Rotom|Rotom-Wash, L50, shiny|100\/100\n|switch|p2a: Gyarados|Gyarados, L50, F|100\/100\n|switch|p2b: Chien-Pao|Chien-Pao, L50|100\/100\n|-ability|p2b: Chien-Pao|Sword of Ruin\n|-ability|p2a: Gyarados|Intimidate|boost\n|-ability|p1a: Corviknight|Mirror Armor\n|-unboost|p2a: Gyarados|atk|1\n|-unboost|p1b: Rotom|atk|1\n|turn|1\n|inactive|Battle timer is ON: inactive players will automatically lose when time's up. (requested by zlint)\n|\n|t:|1683651043\n|switch|p2a: Great Tusk|Great Tusk, L50, shiny|100\/100\n|move|p2b: Chien-Pao|Sacred Sword|p1a: Corviknight\n|-damage|p1a: Corviknight|62\/100\n|move|p1b: Rotom|Will-O-Wisp|p2b: Chien-Pao|[miss]\n|-miss|p1b: Rotom|p2b: Chien-Pao\n|move|p1a: Corviknight|Tailwind|p1a: Corviknight\n|-sidestart|p1: zlint|move: Tailwind\n|\n|upkeep\n|turn|2\n|inactive|zlint has 30 seconds left.\n|\n|t:|1683651081\n|-terastallize|p2a: Great Tusk|Fire\n|move|p1b: Rotom|Hydro Pump|p2a: Great Tusk\n|-supereffective|p2a: Great Tusk\n|-damage|p2a: Great Tusk|0 fnt\n|faint|p2a: Great Tusk\n|-end|p2a: Great Tusk|Protosynthesis|[silent]\n|move|p2b: Chien-Pao|Ice Spinner|p1a: Corviknight\n|-damage|p1a: Corviknight|12\/100\n|move|p1a: Corviknight|Brave Bird|p2b: Chien-Pao\n|-damage|p2b: Chien-Pao|47\/100\n|-damage|p1a: Corviknight|0 fnt|[from] Recoil\n|faint|p1a: Corviknight\n|\n|upkeep\n|\n|t:|1683651105\n|switch|p2a: Flutter Mane|Flutter Mane, L50, shiny|100\/100\n|switch|p1a: Scream Tail|Scream Tail, L50, shiny|100\/100\n|-enditem|p1a: Scream Tail|Booster Energy\n|-activate|p1a: Scream Tail|ability: Protosynthesis|[fromitem]\n|-start|p1a: Scream Tail|protosynthesisspe\n|turn|3\n|\n|t:|1683651123\n|-terastallize|p1a: Scream Tail|Water\n|move|p2b: Chien-Pao|Sucker Punch|p1b: Rotom\n|-damage|p1b: Rotom|59\/100\n|move|p1a: Scream Tail|Play Rough|p2a: Flutter Mane\n|-damage|p2a: Flutter Mane|45\/100\n|move|p1b: Rotom|Thunderbolt|p2b: Chien-Pao\n|-damage|p2b: Chien-Pao|0 fnt\n|faint|p2b: Chien-Pao\n|move|p2a: Flutter Mane|Shadow Ball|p1b: Rotom\n|-damage|p1b: Rotom|0 fnt\n|faint|p1b: Rotom\n|\n|upkeep\n|\n|t:|1683651137\n|switch|p2b: Gyarados|Gyarados, L50, F|100\/100\n|switch|p1b: Tyranitar|Tyranitar, L50, M|100\/100\n|-weather|Sandstorm|[from] ability: Sand Stream|[of] p1b: Tyranitar\n|-ability|p2b: Gyarados|Intimidate|boost\n|-unboost|p1a: Scream Tail|atk|1\n|-unboost|p1b: Tyranitar|atk|1\n|turn|4\n|\n|t:|1683651156\n|move|p2b: Gyarados|Protect|p2b: Gyarados\n|-singleturn|p2b: Gyarados|Protect\n|move|p1a: Scream Tail|Howl|p1a: Scream Tail|[spread] p1a,p1b\n|-boost|p1a: Scream Tail|atk|1\n|-boost|p1b: Tyranitar|atk|1\n|move|p1b: Tyranitar|Rock Slide|p2a: Flutter Mane|[spread] p2a\n|-activate|p2b: Gyarados|move: Protect\n|-damage|p2a: Flutter Mane|0 fnt\n|faint|p2a: Flutter Mane\n|-end|p2a: Flutter Mane|Protosynthesis|[silent]\n|\n|-weather|Sandstorm|[upkeep]\n|-damage|p1a: Scream Tail|95\/100|[from] Sandstorm\n|-damage|p2b: Gyarados|94\/100|[from] Sandstorm\n|-sideend|p1: zlint|move: Tailwind\n|upkeep\n|turn|5\n|\n|t:|1683651170\n|move|p1a: Scream Tail|Encore|p2b: Gyarados\n|-start|p2b: Gyarados|Encore\n|move|p2b: Gyarados|Protect|p2b: Gyarados\n|-singleturn|p2b: Gyarados|Protect\n|move|p1b: Tyranitar|Rock Slide|p2b: Gyarados\n|-activate|p2b: Gyarados|move: Protect\n|\n|-weather|Sandstorm|[upkeep]\n|-damage|p1a: Scream Tail|89\/100|[from] Sandstorm\n|-damage|p2b: Gyarados|88\/100|[from] Sandstorm\n|upkeep\n|turn|6\n|c|\u2606KanedaX0|amazing scream tail\n|inactive|KanedaX0 has 30 seconds left.\n|c|\u2606KanedaX0|gg\n|\n|t:|1683651198\n|move|p2b: Gyarados|Protect||[still]\n|-fail|p2b: Gyarados\n|move|p1a: Scream Tail|Howl|p1a: Scream Tail|[spread] p1a,p1b\n|-boost|p1a: Scream Tail|atk|1\n|-boost|p1b: Tyranitar|atk|1\n|move|p1b: Tyranitar|Rock Slide|p2b: Gyarados\n|-supereffective|p2b: Gyarados\n|-damage|p2b: Gyarados|0 fnt\n|faint|p2b: Gyarados\n|\n|win|zlint\n|raw|zlint's rating: 1367 → 1391<\/strong> (+24 for winning)\n|raw|KanedaX0's rating: 1442 → 1418<\/strong> (-24 for losing)\n|c|\u2606zlint|thanks!\n|c|\u2606zlint|gg\n|l|\u2606zlint\n|j|\u2606zlint\n|player|p1|zlint|may\n|l|\u2606KanedaX0\n","uploadtime":1683651220,"views":18,"p1id":"zlint","p2id":"kanedax0","formatid":"gen9vgc2023regulationc","rating":1391,"private":0,"password":""}