{"id":"gen9vgc2023regulationc-1862157380","p1":"HarlequinIvy","p2":"Pokeprofpine","format":"[Gen 9] VGC 2023 Regulation C","log":"|j|\u2606HarlequinIvy\n|j|\u2606Pokeprofpine\n|t:|1683843246\n|gametype|doubles\n|player|p1|HarlequinIvy|parasollady|1200\n|player|p2|Pokeprofpine|pokefan-gen4|1214\n|teamsize|p1|4\n|teamsize|p2|6\n|gen|9\n|tier|[Gen 9] VGC 2023 Regulation C\n|rated|\n|rule|Species Clause: Limit one of each Pok\u00e9mon\n|rule|Item Clause: Limit one of each item\n|clearpoke\n|poke|p1|Indeedee, L50, M|\n|poke|p1|Armarouge, L50, F|\n|poke|p1|Flutter Mane, L50|\n|poke|p1|Stonjourner, L50, F|\n|poke|p2|Ting-Lu, L50|\n|poke|p2|Kingambit, L50, M|\n|poke|p2|Flutter Mane, L50|\n|poke|p2|Torkoal, L50, F|\n|poke|p2|Rotom-Wash, L50|\n|poke|p2|Farigiraf, L50, F|\n|teampreview|4\n|\n|t:|1683843270\n|start\n|switch|p1a: Stonjourner|Stonjourner, L50, F|100\/100\n|switch|p1b: Flutter Mane|Flutter Mane, L50|100\/100\n|switch|p2a: Farigiraf|Farigiraf, L50, F|100\/100\n|switch|p2b: Rotom|Rotom-Wash, L50|100\/100\n|turn|1\n|\n|t:|1683843312\n|-terastallize|p1b: Flutter Mane|Fairy\n|move|p1b: Flutter Mane|Dazzling Gleam|p2a: Farigiraf|[spread] p2a,p2b\n|-damage|p2a: Farigiraf|46\/100\n|-damage|p2b: Rotom|9\/100\n|move|p1a: Stonjourner|Rock Slide|p2b: Rotom|[spread] p2a,p2b\n|-damage|p2a: Farigiraf|14\/100\n|-damage|p2b: Rotom|0 fnt\n|faint|p2b: Rotom\n|move|p2a: Farigiraf|Trick Room|p2a: Farigiraf\n|-fieldstart|move: Trick Room|[of] p2a: Farigiraf\n|\n|upkeep\n|\n|t:|1683843333\n|switch|p2b: Torkoal|Torkoal, L50, F|100\/100\n|-weather|SunnyDay|[from] ability: Drought|[of] p2b: Torkoal\n|-activate|p1b: Flutter Mane|ability: Protosynthesis\n|-start|p1b: Flutter Mane|protosynthesisspe\n|turn|2\n|\n|t:|1683843344\n|move|p1a: Stonjourner|Wide Guard|p1a: Stonjourner\n|-singleturn|p1a: Stonjourner|Wide Guard\n|move|p2b: Torkoal|Solar Beam||[still]\n|-prepare|p2b: Torkoal|Solar Beam\n|-anim|p2b: Torkoal|Solar Beam|p1a: Stonjourner\n|-supereffective|p1a: Stonjourner\n|-enditem|p1a: Stonjourner|Focus Sash\n|-damage|p1a: Stonjourner|1\/100\n|move|p2a: Farigiraf|Psyshock|p1b: Flutter Mane\n|-damage|p1b: Flutter Mane|29\/100\n|move|p1b: Flutter Mane|Dazzling Gleam|p2b: Torkoal|[spread] p2a,p2b\n|-resisted|p2b: Torkoal\n|-damage|p2a: Farigiraf|0 fnt\n|-damage|p2b: Torkoal|46\/100\n|faint|p2a: Farigiraf\n|\n|-weather|SunnyDay|[upkeep]\n|upkeep\n|\n|t:|1683843362\n|switch|p2a: Ting-Lu|Ting-Lu, L50|100\/100\n|-ability|p2a: Ting-Lu|Vessel of Ruin\n|turn|3\n|\n|t:|1683843373\n|switch|p1a: Indeedee|Indeedee, L50, M|100\/100\n|-fieldstart|move: Psychic Terrain|[from] ability: Psychic Surge|[of] p1a: Indeedee\n|move|p2b: Torkoal|Solar Beam||[still]\n|-prepare|p2b: Torkoal|Solar Beam\n|-anim|p2b: Torkoal|Solar Beam|p1a: Indeedee\n|-damage|p1a: Indeedee|65\/100\n|move|p2a: Ting-Lu|Heavy Slam|p1b: Flutter Mane\n|-supereffective|p1b: Flutter Mane\n|-damage|p1b: Flutter Mane|0 fnt\n|faint|p1b: Flutter Mane\n|-end|p1b: Flutter Mane|Protosynthesis|[silent]\n|\n|-weather|SunnyDay|[upkeep]\n|upkeep\n|\n|t:|1683843388\n|switch|p1b: Stonjourner|Stonjourner, L50, F|1\/100\n|turn|4\n|\n|t:|1683843399\n|move|p1b: Stonjourner|Protect|p1b: Stonjourner\n|-singleturn|p1b: Stonjourner|Protect\n|move|p2b: Torkoal|Solar Beam||[still]\n|-prepare|p2b: Torkoal|Solar Beam\n|-anim|p2b: Torkoal|Solar Beam|p1b: Stonjourner\n|-activate|p1b: Stonjourner|move: Protect\n|move|p2a: Ting-Lu|Fissure|p1a: Indeedee|[miss]\n|-miss|p2a: Ting-Lu|p1a: Indeedee\n|move|p1a: Indeedee|Psyshock|p2b: Torkoal\n|-damage|p2b: Torkoal|3\/100\n|-damage|p1a: Indeedee|55\/100|[from] item: Life Orb\n|\n|-weather|SunnyDay|[upkeep]\n|upkeep\n|turn|5\n|\n|t:|1683843424\n|switch|p1b: Armarouge|Armarouge, L50, F|100\/100\n|move|p2b: Torkoal|Heat Wave|p1a: Indeedee|[spread] p1a\n|-start|p1b: Armarouge|ability: Flash Fire\n|-damage|p1a: Indeedee|0 fnt\n|faint|p1a: Indeedee\n|move|p2a: Ting-Lu|Fissure|p1b: Armarouge|[miss]\n|-miss|p2a: Ting-Lu|p1b: Armarouge\n|\n|-weather|SunnyDay|[upkeep]\n|-fieldend|move: Trick Room\n|upkeep\n|\n|t:|1683843430\n|switch|p1a: Stonjourner|Stonjourner, L50, F|1\/100\n|turn|6\n|\n|t:|1683843447\n|move|p2b: Torkoal|Protect|p2b: Torkoal\n|-singleturn|p2b: Torkoal|Protect\n|move|p1b: Armarouge|Trick|p2a: Ting-Lu\n|-activate|p1b: Armarouge|move: Trick|[of] p2a: Ting-Lu\n|-item|p2a: Ting-Lu|Choice Scarf|[from] move: Trick\n|-item|p1b: Armarouge|Assault Vest|[from] move: Trick\n|move|p1a: Stonjourner|Rock Slide|p2b: Torkoal|[spread] \n|-activate|p2b: Torkoal|move: Protect\n|-miss|p1a: Stonjourner|p2a: Ting-Lu\n|move|p2a: Ting-Lu|Fissure|p1b: Armarouge|[miss]\n|-miss|p2a: Ting-Lu|p1b: Armarouge\n|\n|-weather|none\n|upkeep\n|turn|7\n|\n|t:|1683843469\n|move|p1b: Armarouge|Acid Spray|p2a: Ting-Lu\n|-resisted|p2a: Ting-Lu\n|-damage|p2a: Ting-Lu|95\/100\n|-unboost|p2a: Ting-Lu|spd|2\n|move|p1a: Stonjourner|Rock Slide|p2b: Torkoal|[spread] p2a,p2b\n|-resisted|p2a: Ting-Lu\n|-supereffective|p2b: Torkoal\n|-damage|p2a: Ting-Lu|88\/100\n|-damage|p2b: Torkoal|0 fnt\n|faint|p2b: Torkoal\n|move|p2a: Ting-Lu|Fissure|p1b: Armarouge\n|-damage|p1b: Armarouge|0 fnt\n|faint|p1b: Armarouge\n|-ohko\n|\n|-fieldend|move: Psychic Terrain\n|upkeep\n|turn|8\n|\n|t:|1683843487\n|move|p1a: Stonjourner|Low Kick|p2a: Ting-Lu\n|-supereffective|p2a: Ting-Lu\n|-damage|p2a: Ting-Lu|47\/100\n|move|p2a: Ting-Lu|Fissure|p1a: Stonjourner|[miss]\n|-miss|p2a: Ting-Lu|p1a: Stonjourner\n|\n|upkeep\n|turn|9\n|\n|t:|1683843510\n|-terastallize|p2a: Ting-Lu|Poison\n|move|p1a: Stonjourner|Low Kick|p2a: Ting-Lu\n|-resisted|p2a: Ting-Lu\n|-damage|p2a: Ting-Lu|37\/100\n|move|p2a: Ting-Lu|Fissure|p1a: Stonjourner|[miss]\n|-miss|p2a: Ting-Lu|p1a: Stonjourner\n|\n|upkeep\n|turn|10\n|\n|t:|1683843518\n|move|p1a: Stonjourner|Rock Slide|p2a: Ting-Lu\n|-damage|p2a: Ting-Lu|17\/100\n|cant|p2a: Ting-Lu|flinch\n|\n|upkeep\n|turn|11\n|\n|t:|1683843523\n|move|p1a: Stonjourner|Rock Slide|p2a: Ting-Lu\n|-damage|p2a: Ting-Lu|0 fnt\n|faint|p2a: Ting-Lu\n|\n|win|HarlequinIvy\n|raw|HarlequinIvy's rating: 1200 → 1226<\/strong> (+26 for winning)\n|raw|Pokeprofpine's rating: 1214 → 1188<\/strong> (-26 for losing)\n","uploadtime":1683843527,"views":15,"p1id":"harlequinivy","p2id":"pokeprofpine","formatid":"gen9vgc2023regulationc","rating":1188,"private":0,"password":""}