{"id":"gen9vgc2023regulationc-1849420317","p1":"Pluggos_","p2":"Kiriziozo","format":"[Gen 9] VGC 2023 Regulation C","log":"|j|\u2606Pluggos_\n|j|\u2606Kiriziozo\n|t:|1682196482\n|gametype|doubles\n|player|p1|Pluggos_|veteran|1018\n|player|p2|Kiriziozo|lance|1040\n|teamsize|p1|6\n|teamsize|p2|6\n|gen|9\n|tier|[Gen 9] VGC 2023 Regulation C\n|rated|\n|rule|Species Clause: Limit one of each Pok\u00e9mon\n|rule|Item Clause: Limit one of each item\n|clearpoke\n|poke|p1|Ting-Lu, L50|\n|poke|p1|Flutter Mane, L50|\n|poke|p1|Gyarados, L50, M|\n|poke|p1|Amoonguss, L50, F|\n|poke|p1|Arcanine, L50, M|\n|poke|p1|Iron Bundle, L50|\n|poke|p2|Dondozo, L50, M|\n|poke|p2|Tatsugiri-Stretchy, L50, M|\n|poke|p2|Chi-Yu, L50|\n|poke|p2|Flutter Mane, L50|\n|poke|p2|Dragonite, L50, M|\n|poke|p2|Glimmora, L50, M|\n|teampreview|4\n|inactive|Battle timer is ON: inactive players will automatically lose when time's up. (requested by Pluggos_)\n|\n|t:|1682196508\n|start\n|switch|p1a: Ting-Lu|Ting-Lu, L50|100\/100\n|switch|p1b: Amoonguss|Amoonguss, L50, F|100\/100\n|switch|p2a: Glimmora|Glimmora, L50, M|100\/100\n|switch|p2b: Dondozo|Dondozo, L50, M|100\/100\n|-ability|p1a: Ting-Lu|Vessel of Ruin\n|turn|1\n|\n|t:|1682196519\n|move|p2a: Glimmora|Toxic|p1a: Ting-Lu\n|-status|p1a: Ting-Lu|tox\n|move|p1a: Ting-Lu|Fissure|p2b: Dondozo\n|-damage|p2b: Dondozo|0 fnt\n|faint|p2b: Dondozo\n|-ohko\n|move|p1b: Amoonguss|Stun Spore|p2a: Glimmora\n|-status|p2a: Glimmora|par\n|\n|-damage|p1a: Ting-Lu|94\/100 tox|[from] psn\n|upkeep\n|inactive|Kiriziozo has 30 seconds left.\n|\n|t:|1682196551\n|switch|p2b: Chi-Yu|Chi-Yu, L50|100\/100\n|-ability|p2b: Chi-Yu|Beads of Ruin\n|turn|2\n|inactive|Pluggos_ has 30 seconds left.\n|\n|t:|1682196585\n|switch|p2a: Flutter Mane|Flutter Mane, L50|100\/100\n|-enditem|p2a: Flutter Mane|Booster Energy\n|-activate|p2a: Flutter Mane|ability: Protosynthesis|[fromitem]\n|-start|p2a: Flutter Mane|protosynthesisspe\n|switch|p1b: Flutter Mane|Flutter Mane, L50|100\/100\n|-terastallize|p2b: Chi-Yu|Grass\n|move|p2b: Chi-Yu|Tera Blast|p1a: Ting-Lu\n|-supereffective|p1a: Ting-Lu\n|-damage|p1a: Ting-Lu|59\/100 tox\n|move|p1a: Ting-Lu|Fissure|p2b: Chi-Yu|[miss]\n|-miss|p1a: Ting-Lu|p2b: Chi-Yu\n|\n|-damage|p1a: Ting-Lu|47\/100 tox|[from] psn\n|upkeep\n|turn|3\n|inactive|Kiriziozo has 30 seconds left.\n|\n|t:|1682196617\n|move|p2a: Flutter Mane|Moonblast|p1a: Ting-Lu\n|-supereffective|p1a: Ting-Lu\n|-damage|p1a: Ting-Lu|7\/100 tox\n|-unboost|p1a: Ting-Lu|spa|1\n|move|p1b: Flutter Mane|Mystical Fire|p2b: Chi-Yu\n|-supereffective|p2b: Chi-Yu\n|-damage|p2b: Chi-Yu|58\/100\n|move|p2b: Chi-Yu|Dark Pulse|p1b: Flutter Mane\n|-damage|p1b: Flutter Mane|59\/100\n|move|p1a: Ting-Lu|Fissure|p2a: Flutter Mane|[miss]\n|-miss|p1a: Ting-Lu|p2a: Flutter Mane\n|\n|-damage|p1a: Ting-Lu|0 fnt|[from] psn\n|faint|p1a: Ting-Lu\n|upkeep\n|\n|t:|1682196632\n|switch|p1a: Gyarados|Gyarados, L50, M|100\/100\n|turn|4\n|\n|t:|1682196650\n|-terastallize|p1a: Gyarados|Steel\n|move|p2a: Flutter Mane|Substitute|p2a: Flutter Mane\n|-start|p2a: Flutter Mane|Substitute\n|-damage|p2a: Flutter Mane|76\/100\n|move|p1b: Flutter Mane|Mystical Fire|p2b: Chi-Yu\n|-supereffective|p2b: Chi-Yu\n|-damage|p2b: Chi-Yu|4\/100\n|move|p2b: Chi-Yu|Flamethrower|p1b: Flutter Mane\n|-damage|p1b: Flutter Mane|0 fnt\n|faint|p1b: Flutter Mane\n|-end|p1b: Flutter Mane|Protosynthesis|[silent]\n|move|p1a: Gyarados|Dragon Dance|p1a: Gyarados\n|-boost|p1a: Gyarados|atk|1\n|-boost|p1a: Gyarados|spe|1\n|\n|upkeep\n|\n|t:|1682196658\n|switch|p1b: Amoonguss|Amoonguss, L50, F|100\/100\n|turn|5\n|\n|t:|1682196678\n|move|p2a: Flutter Mane|Hex|p1a: Gyarados\n|-damage|p1a: Gyarados|56\/100\n|move|p1a: Gyarados|Dragon Dance|p1a: Gyarados\n|-boost|p1a: Gyarados|atk|1\n|-boost|p1a: Gyarados|spe|1\n|move|p2b: Chi-Yu|Flamethrower|p1b: Amoonguss\n|-supereffective|p1b: Amoonguss\n|-damage|p1b: Amoonguss|0 fnt\n|faint|p1b: Amoonguss\n|\n|upkeep\n|turn|6\n|\n|t:|1682196690\n|move|p2a: Flutter Mane|Hex|p1a: Gyarados\n|-damage|p1a: Gyarados|11\/100\n|-enditem|p1a: Gyarados|Sitrus Berry|[eat]\n|-heal|p1a: Gyarados|36\/100|[from] item: Sitrus Berry\n|move|p1a: Gyarados|Earthquake|p2b: Chi-Yu|[spread] p2a,p2b\n|-end|p2a: Flutter Mane|Substitute\n|-resisted|p2b: Chi-Yu\n|-damage|p2b: Chi-Yu|0 fnt\n|faint|p2b: Chi-Yu\n|-ability|p1a: Gyarados|Moxie|boost\n|-boost|p1a: Gyarados|atk|1\n|\n|upkeep\n|\n|t:|1682196702\n|switch|p2b: Glimmora|Glimmora, L50, M|100\/100 par\n|turn|7\n|\n|t:|1682196711\n|move|p2a: Flutter Mane|Protect|p2a: Flutter Mane\n|-singleturn|p2a: Flutter Mane|Protect\n|move|p2b: Glimmora|Spiky Shield|p2b: Glimmora\n|-singleturn|p2b: Glimmora|move: Protect\n|move|p1a: Gyarados|Earthquake|p2b: Glimmora|[spread] \n|-activate|p2a: Flutter Mane|move: Protect\n|-activate|p2b: Glimmora|move: Protect\n|\n|upkeep\n|turn|8\n|\n|t:|1682196722\n|move|p2a: Flutter Mane|Hex|p1a: Gyarados\n|-damage|p1a: Gyarados|0 fnt\n|faint|p1a: Gyarados\n|\n|win|Kiriziozo\n|raw|Pluggos_'s rating: 1018 → 1007<\/strong> (-11 for losing)\n|raw|Kiriziozo's rating: 1078 → 1101<\/strong> (+23 for winning)\n|l|\u2606Pluggos_\n","uploadtime":1682196727,"views":10,"p1id":"pluggos","p2id":"kiriziozo","formatid":"gen9vgc2023regulationc","rating":1007,"private":0,"password":""}