{"id":"gen9vgc2023regulationc-1852403149","p1":"PokemonPesticide","p2":"DefNotCat","format":"[Gen 9] VGC 2023 Regulation C","log":"|j|\u2606PokemonPesticide\n|j|\u2606DefNotCat\n|t:|1682553304\n|gametype|doubles\n|player|p1|PokemonPesticide|rocketgrunt|1134\n|player|p2|DefNotCat|lyra|1104\n|teamsize|p1|6\n|teamsize|p2|6\n|gen|9\n|tier|[Gen 9] VGC 2023 Regulation C\n|rated|\n|rule|Species Clause: Limit one of each Pok\u00e9mon\n|rule|Item Clause: Limit one of each item\n|clearpoke\n|poke|p1|Medicham, L50, M|\n|poke|p1|Lycanroc-Midnight, L50, M|\n|poke|p1|Mimikyu, L50, F|\n|poke|p1|Ting-Lu, L50|\n|poke|p1|Orthworm, L50, F|\n|poke|p1|Salazzle, L50, F|\n|poke|p2|Tyranitar, L50, F|\n|poke|p2|Orthworm, L50, F|\n|poke|p2|Annihilape, L50, F|\n|poke|p2|Gastrodon, L50, M|\n|poke|p2|Clodsire, L50, M|\n|poke|p2|Gholdengo, L50|\n|teampreview|4\nDefNotCat rejected open team sheets.\n|inactive|Battle timer is ON: inactive players will automatically lose when time's up. (requested by DefNotCat)\n|\n|t:|1682553338\n|start\n|switch|p1a: Medicham|Medicham, L50, M|100\/100\n|switch|p1b: Lycanroc|Lycanroc-Midnight, L50, M|100\/100\n|switch|p2a: Tyranitar|Tyranitar, L50, F|100\/100\n|switch|p2b: Orthworm|Orthworm, L50, F|100\/100\n|-weather|Sandstorm|[from] ability: Sand Stream|[of] p2a: Tyranitar\n|turn|1\n|\n|t:|1682553356\n|move|p2b: Orthworm|Helping Hand|p2a: Tyranitar\n|-singleturn|p2a: Tyranitar|Helping Hand|[of] p2b: Orthworm\n|move|p1b: Lycanroc|Protect|p1b: Lycanroc\n|-singleturn|p1b: Lycanroc|Protect\n|move|p1a: Medicham|Close Combat|p2a: Tyranitar\n|-supereffective|p2a: Tyranitar\n|-damage|p2a: Tyranitar|0 fnt\n|-unboost|p1a: Medicham|def|1\n|-unboost|p1a: Medicham|spd|1\n|faint|p2a: Tyranitar\n|\n|-weather|Sandstorm|[upkeep]\n|-damage|p1a: Medicham|95\/100|[from] Sandstorm\n|upkeep\n|\n|t:|1682553372\n|switch|p2a: Annihilape|Annihilape, L50, F|100\/100\n|turn|2\n|\n|t:|1682553392\n|move|p1b: Lycanroc|Helping Hand|p1a: Medicham\n|-singleturn|p1a: Medicham|Helping Hand|[of] p1b: Lycanroc\n|move|p2a: Annihilape|Drain Punch|p1b: Lycanroc\n|-supereffective|p1b: Lycanroc\n|-damage|p1b: Lycanroc|2\/100\n|move|p1a: Medicham|Zen Headbutt|p2a: Annihilape|[miss]\n|-miss|p1a: Medicham|p2a: Annihilape\n|move|p2b: Orthworm|Coil|p2b: Orthworm\n|-boost|p2b: Orthworm|atk|1\n|-boost|p2b: Orthworm|def|1\n|-boost|p2b: Orthworm|accuracy|1\n|\n|-weather|Sandstorm|[upkeep]\n|-damage|p2a: Annihilape|95\/100|[from] Sandstorm\n|-damage|p1a: Medicham|89\/100|[from] Sandstorm\n|upkeep\n|turn|3\n|c|\u2606PokemonPesticide|:\/\n|inactive|PokemonPesticide has 30 seconds left.\n|\n|t:|1682553418\n|move|p2b: Orthworm|Helping Hand|p2a: Annihilape\n|-singleturn|p2a: Annihilape|Helping Hand|[of] p2b: Orthworm\n|move|p1b: Lycanroc|Protect|p1b: Lycanroc\n|-singleturn|p1b: Lycanroc|Protect\n|move|p2a: Annihilape|Drain Punch|p1a: Medicham\n|-resisted|p1a: Medicham\n|-damage|p1a: Medicham|27\/100\n|-heal|p2a: Annihilape|100\/100|[from] drain|[of] p1a: Medicham\n|move|p1a: Medicham|Zen Headbutt|p2a: Annihilape\n|-supereffective|p2a: Annihilape\n|-crit|p2a: Annihilape\n|-damage|p2a: Annihilape|0 fnt\n|faint|p2a: Annihilape\n|\n|-weather|Sandstorm|[upkeep]\n|-damage|p1a: Medicham|21\/100|[from] Sandstorm\n|upkeep\n|\n|t:|1682553431\n|switch|p2a: Gholdengo|Gholdengo, L50|100\/100\n|turn|4\n|c|\u2606PokemonPesticide|:)\n|\n|t:|1682553453\n|move|p1b: Lycanroc|Helping Hand|p1a: Medicham\n|-singleturn|p1a: Medicham|Helping Hand|[of] p1b: Lycanroc\n|move|p2b: Orthworm|Helping Hand|p2a: Gholdengo\n|-immune|p2a: Gholdengo|[from] ability: Good as Gold\n|move|p2a: Gholdengo|Make It Rain|p1a: Medicham|[spread] p1a,p1b\n|-supereffective|p1b: Lycanroc\n|-damage|p1a: Medicham|0 fnt\n|-damage|p1b: Lycanroc|0 fnt\n|-unboost|p2a: Gholdengo|spa|1\n|faint|p1a: Medicham\n|faint|p1b: Lycanroc\n|\n|-weather|Sandstorm|[upkeep]\n|upkeep\n|\n|t:|1682553465\n|switch|p1a: Ting-Lu|Ting-Lu, L50|100\/100\n|switch|p1b: Orthworm|Orthworm, L50, F|100\/100\n|-ability|p1a: Ting-Lu|Vessel of Ruin\n|turn|5\n|\n|t:|1682553490\n|-terastallize|p2a: Gholdengo|Flying\n|move|p1b: Orthworm|Helping Hand|p1a: Ting-Lu\n|-singleturn|p1a: Ting-Lu|Helping Hand|[of] p1b: Orthworm\n|move|p2b: Orthworm|Protect|p2b: Orthworm\n|-singleturn|p2b: Orthworm|Protect\n|move|p2a: Gholdengo|Dazzling Gleam|p1a: Ting-Lu|[spread] p1a,p1b\n|-supereffective|p1a: Ting-Lu\n|-resisted|p1b: Orthworm\n|-damage|p1a: Ting-Lu|89\/100\n|-damage|p1b: Orthworm|94\/100\n|move|p1a: Ting-Lu|Sand Tomb|p2a: Gholdengo\n|-immune|p2a: Gholdengo\n|\n|-weather|Sandstorm|[upkeep]\n|-damage|p2a: Gholdengo|94\/100|[from] Sandstorm\n|upkeep\n|turn|6\n|\n|t:|1682553514\n|move|p2a: Gholdengo|Dazzling Gleam|p1b: Orthworm|[spread] p1a,p1b\n|-supereffective|p1a: Ting-Lu\n|-resisted|p1b: Orthworm\n|-damage|p1a: Ting-Lu|76\/100\n|-damage|p1b: Orthworm|89\/100\n|move|p2b: Orthworm|Iron Head|p1a: Ting-Lu\n|-damage|p1a: Ting-Lu|60\/100\n|move|p1b: Orthworm|Iron Head|p2a: Gholdengo\n|-damage|p2a: Gholdengo|68\/100\n|cant|p1a: Ting-Lu|flinch\n|\n|-weather|Sandstorm|[upkeep]\n|-damage|p2a: Gholdengo|62\/100|[from] Sandstorm\n|upkeep\n|turn|7\n|\n|t:|1682553531\n|move|p2b: Orthworm|Helping Hand|p2a: Gholdengo\n|-immune|p2a: Gholdengo|[from] ability: Good as Gold\n|move|p2a: Gholdengo|Dazzling Gleam|p1b: Orthworm|[spread] p1a,p1b\n|-supereffective|p1a: Ting-Lu\n|-resisted|p1b: Orthworm\n|-damage|p1a: Ting-Lu|50\/100\n|-damage|p1b: Orthworm|83\/100\n|move|p1b: Orthworm|Wrap|p2a: Gholdengo\n|-damage|p2a: Gholdengo|57\/100\n|-activate|p2a: Gholdengo|move: Wrap|[of] p1b: Orthworm\n|move|p1a: Ting-Lu|Ruination|p2a: Gholdengo|[miss]\n|-miss|p1a: Ting-Lu|p2a: Gholdengo\n|\n|-weather|Sandstorm|[upkeep]\n|-damage|p2a: Gholdengo|51\/100|[from] Sandstorm\n|-damage|p2a: Gholdengo|39\/100|[from] move: Wrap|[partiallytrapped]\n|upkeep\n|turn|8\n|\n|t:|1682553550\n|move|p2a: Gholdengo|Dazzling Gleam|p1a: Ting-Lu|[spread] p1a,p1b\n|-supereffective|p1a: Ting-Lu\n|-resisted|p1b: Orthworm\n|-damage|p1a: Ting-Lu|39\/100\n|-damage|p1b: Orthworm|77\/100\n|move|p2b: Orthworm|Iron Head|p1a: Ting-Lu\n|-damage|p1a: Ting-Lu|25\/100\n|move|p1b: Orthworm|Iron Head|p2a: Gholdengo\n|-damage|p2a: Gholdengo|10\/100\n|cant|p1a: Ting-Lu|flinch\n|\n|-weather|none\n|-damage|p2a: Gholdengo|0 fnt|[from] move: Wrap|[partiallytrapped]\n|faint|p2a: Gholdengo\n|upkeep\n|turn|9\n|\n|t:|1682553566\n|move|p1b: Orthworm|Wrap|p2b: Orthworm|[miss]\n|-miss|p1b: Orthworm|p2b: Orthworm\n|move|p2b: Orthworm|Iron Head|p1a: Ting-Lu\n|-damage|p1a: Ting-Lu|8\/100\n|cant|p1a: Ting-Lu|flinch\n|\n|upkeep\n|turn|10\n|\n|t:|1682553576\n|move|p1b: Orthworm|Wrap|p2b: Orthworm\n|-resisted|p2b: Orthworm\n|-damage|p2b: Orthworm|99\/100\n|-activate|p2b: Orthworm|move: Wrap|[of] p1b: Orthworm\n|move|p2b: Orthworm|Iron Head|p1a: Ting-Lu\n|-damage|p1a: Ting-Lu|0 fnt\n|faint|p1a: Ting-Lu\n|\n|-heal|p2b: Orthworm|100\/100|[from] item: Leftovers\n|-damage|p2b: Orthworm|88\/100|[from] move: Wrap|[partiallytrapped]\n|upkeep\n|turn|11\n|\n|t:|1682553588\n|move|p2b: Orthworm|Coil|p2b: Orthworm\n|-boost|p2b: Orthworm|atk|1\n|-boost|p2b: Orthworm|def|1\n|-boost|p2b: Orthworm|accuracy|1\n|move|p1b: Orthworm|Iron Head|p2b: Orthworm\n|-resisted|p2b: Orthworm\n|-damage|p2b: Orthworm|83\/100\n|\n|-heal|p2b: Orthworm|89\/100|[from] item: Leftovers\n|-damage|p2b: Orthworm|77\/100|[from] move: Wrap|[partiallytrapped]\n|upkeep\n|turn|12\n|\n|t:|1682553598\n|move|p1b: Orthworm|Iron Head|p2b: Orthworm\n|-resisted|p2b: Orthworm\n|-damage|p2b: Orthworm|72\/100\n|move|p2b: Orthworm|Coil|p2b: Orthworm\n|-boost|p2b: Orthworm|atk|1\n|-boost|p2b: Orthworm|def|1\n|-boost|p2b: Orthworm|accuracy|1\n|\n|-heal|p2b: Orthworm|78\/100|[from] item: Leftovers\n|-damage|p2b: Orthworm|65\/100|[from] move: Wrap|[partiallytrapped]\n|upkeep\n|turn|13\n|\n|t:|1682553608\n|move|p2b: Orthworm|Iron Head|p1b: Orthworm\n|-resisted|p1b: Orthworm\n|-damage|p1b: Orthworm|55\/100\n|move|p1b: Orthworm|Iron Head|p2b: Orthworm\n|-resisted|p2b: Orthworm\n|-damage|p2b: Orthworm|62\/100\n|\n|-heal|p2b: Orthworm|68\/100|[from] item: Leftovers\n|-damage|p2b: Orthworm|56\/100|[from] move: Wrap|[partiallytrapped]\n|upkeep\n|turn|14\n|\n|t:|1682553619\n|move|p1b: Orthworm|Iron Head|p2b: Orthworm\n|-resisted|p2b: Orthworm\n|-damage|p2b: Orthworm|52\/100\n|move|p2b: Orthworm|Iron Head|p1b: Orthworm\n|-resisted|p1b: Orthworm\n|-damage|p1b: Orthworm|32\/100\n|-enditem|p1b: Orthworm|Sitrus Berry|[eat]\n|-heal|p1b: Orthworm|56\/100|[from] item: Sitrus Berry\n|\n|-heal|p2b: Orthworm|59\/100|[from] item: Leftovers\n|-end|p2b: Orthworm|Wrap|[partiallytrapped]\n|upkeep\n|turn|15\n|\n|t:|1682553629\n|move|p2b: Orthworm|Iron Head|p1b: Orthworm\n|-resisted|p1b: Orthworm\n|-damage|p1b: Orthworm|35\/100\n|cant|p1b: Orthworm|flinch\n|\n|-heal|p2b: Orthworm|65\/100|[from] item: Leftovers\n|upkeep\n|turn|16\n|\n|t:|1682553637\n|move|p1b: Orthworm|Wrap|p2b: Orthworm\n|-resisted|p2b: Orthworm\n|-damage|p2b: Orthworm|64\/100\n|-activate|p2b: Orthworm|move: Wrap|[of] p1b: Orthworm\n|move|p2b: Orthworm|Iron Head|p1b: Orthworm\n|-resisted|p1b: Orthworm\n|-damage|p1b: Orthworm|16\/100\n|\n|-heal|p2b: Orthworm|71\/100|[from] item: Leftovers\n|-damage|p2b: Orthworm|58\/100|[from] move: Wrap|[partiallytrapped]\n|upkeep\n|turn|17\n|\n|t:|1682553657\n|move|p1b: Orthworm|Iron Head|p2b: Orthworm\n|-resisted|p2b: Orthworm\n|-damage|p2b: Orthworm|55\/100\n|cant|p2b: Orthworm|flinch\n|\n|-heal|p2b: Orthworm|61\/100|[from] item: Leftovers\n|-damage|p2b: Orthworm|49\/100|[from] move: Wrap|[partiallytrapped]\n|upkeep\n|turn|18\n|\n|t:|1682553665\n|move|p2b: Orthworm|Iron Head|p1b: Orthworm\n|-resisted|p1b: Orthworm\n|-damage|p1b: Orthworm|0 fnt\n|faint|p1b: Orthworm\n|\n|win|DefNotCat\n|raw|PokemonPesticide's rating: 1134 → 1107<\/strong> (-27 for losing)\n|raw|DefNotCat's rating: 1104 → 1131<\/strong> (+27 for winning)\n","uploadtime":1682553672,"views":15,"p1id":"pokemonpesticide","p2id":"defnotcat","formatid":"gen9vgc2023regulationc","rating":1107,"private":0,"password":""}