{"id":"gen9vgc2023regulationc-1845840233","p1":"Pinhas06","p2":"zapdos95","format":"[Gen 9] VGC 2023 Regulation C","log":"|j|\u2606Pinhas06\n|j|\u2606zapdos95\n|t:|1681770074\n|gametype|doubles\n|player|p1|Pinhas06|169|1333\n|player|p2|zapdos95|170|1384\n|teamsize|p1|6\n|teamsize|p2|6\n|gen|9\n|tier|[Gen 9] VGC 2023 Regulation C\n|rated|\n|rule|Species Clause: Limit one of each Pok\u00e9mon\n|rule|Item Clause: Limit one of each item\n|clearpoke\n|poke|p1|Scizor, L50, F|\n|poke|p1|Sandy Shocks, L50|\n|poke|p1|Tyranitar, L50, F|\n|poke|p1|Gyarados, L50, M|\n|poke|p1|Sylveon, L50, F|\n|poke|p1|Ceruledge, L50, F|\n|poke|p2|Baxcalibur, L50, M|\n|poke|p2|Amoonguss, L50, F|\n|poke|p2|Ting-Lu, L50|\n|poke|p2|Arcanine, L50, M|\n|poke|p2|Palafin, L50, F|\n|poke|p2|Flutter Mane, L50|\n|teampreview|4\n|inactive|Battle timer is ON: inactive players will automatically lose when time's up. (requested by Pinhas06)\n|inactive|Pinhas06 has 60 seconds left.\n|inactive|zapdos95 has 60 seconds left.\n|inactive|Pinhas06 has 30 seconds left.\n|inactive|zapdos95 has 30 seconds left.\n|inactive|Pinhas06 has 20 seconds left.\n|inactive|zapdos95 has 20 seconds left.\n|inactive|Pinhas06 has 15 seconds left.\n|inactive|zapdos95 has 15 seconds left.\n|inactive|Pinhas06 has 10 seconds left.\n|\n|t:|1681770155\n|start\n|switch|p1a: Sandy Shocks|Sandy Shocks, L50|100\/100\n|switch|p1b: Ceruledge|Ceruledge, L50, F|100\/100\n|switch|p2a: Baxcalibur|Baxcalibur, L50, M|100\/100\n|switch|p2b: Palafin|Palafin, L50, F|100\/100\n|-enditem|p1a: Sandy Shocks|Booster Energy\n|-activate|p1a: Sandy Shocks|ability: Protosynthesis|[fromitem]\n|-start|p1a: Sandy Shocks|protosynthesisspa\n|turn|1\n|inactive|zapdos95 has 30 seconds left.\n|inactive|zapdos95 has 20 seconds left.\n|inactive|zapdos95 has 15 seconds left.\n|\n|t:|1681770198\n|detailschange|p2b: Palafin|Palafin-Hero, L50, F\n|switch|p2b: Ting-Lu|Ting-Lu, L50|100\/100\n|-ability|p2b: Ting-Lu|Vessel of Ruin\n|move|p1a: Sandy Shocks|Thunderbolt|p2b: Ting-Lu\n|-immune|p2b: Ting-Lu\n|move|p2a: Baxcalibur|Glaive Rush|p1b: Ceruledge\n|-damage|p1b: Ceruledge|5\/100\n|-singlemove|p2a: Baxcalibur|Glaive Rush|[silent]\n|move|p1b: Ceruledge|Swords Dance|p1b: Ceruledge\n|-boost|p1b: Ceruledge|atk|2\n|\n|upkeep\n|turn|2\n|j| NaecheVGC\n|inactive|zapdos95 has 30 seconds left.\n|l| NaecheVGC\n|\n|t:|1681770227\n|move|p2a: Baxcalibur|Protect|p2a: Baxcalibur\n|-singleturn|p2a: Baxcalibur|Protect\n|move|p1b: Ceruledge|Shadow Sneak|p2a: Baxcalibur\n|-activate|p2a: Baxcalibur|move: Protect\n|move|p1a: Sandy Shocks|Earth Power|p2b: Ting-Lu\n|-damage|p2b: Ting-Lu|80\/100\n|move|p2b: Ting-Lu|Stomping Tantrum|p1a: Sandy Shocks\n|-supereffective|p1a: Sandy Shocks\n|-damage|p1a: Sandy Shocks|6\/100\n|\n|upkeep\n|turn|3\n|inactive|zapdos95 has 30 seconds left.\n|\n|t:|1681770259\n|move|p2a: Baxcalibur|Ice Shard|p1b: Ceruledge\n|-resisted|p1b: Ceruledge\n|-damage|p1b: Ceruledge|0 fnt\n|faint|p1b: Ceruledge\n|move|p1a: Sandy Shocks|Earth Power|p2b: Ting-Lu\n|-damage|p2b: Ting-Lu|59\/100\n|move|p2b: Ting-Lu|Heavy Slam|p1a: Sandy Shocks\n|-resisted|p1a: Sandy Shocks\n|-damage|p1a: Sandy Shocks|0 fnt\n|faint|p1a: Sandy Shocks\n|-end|p1a: Sandy Shocks|Protosynthesis|[silent]\n|\n|upkeep\n|\n|t:|1681770268\n|switch|p1a: Tyranitar|Tyranitar, L50, F|100\/100\n|switch|p1b: Scizor|Scizor, L50, F|100\/100\n|-weather|Sandstorm|[from] ability: Sand Stream|[of] p1a: Tyranitar\n|turn|4\n|inactive|zapdos95 has 30 seconds left.\n|\n|t:|1681770299\n|switch|p2a: Arcanine|Arcanine, L50, M|100\/100\n|-ability|p2a: Arcanine|Intimidate|boost\n|-unboost|p1a: Tyranitar|atk|1\n|-unboost|p1b: Scizor|atk|1\n|move|p1b: Scizor|Swords Dance|p1b: Scizor\n|-boost|p1b: Scizor|atk|2\n|move|p1a: Tyranitar|Ice Punch|p2b: Ting-Lu\n|-supereffective|p2b: Ting-Lu\n|-damage|p2b: Ting-Lu|32\/100\n|move|p2b: Ting-Lu|Ruination|p1b: Scizor\n|-damage|p1b: Scizor|51\/100\n|\n|-weather|Sandstorm|[upkeep]\n|-damage|p2a: Arcanine|94\/100|[from] Sandstorm\n|upkeep\n|turn|5\n|inactive|zapdos95 has 30 seconds left.\n|\n|t:|1681770327\n|-terastallize|p1b: Scizor|Fire\n|move|p2a: Arcanine|Close Combat|p1a: Tyranitar\n|-supereffective|p1a: Tyranitar\n|-damage|p1a: Tyranitar|0 fnt\n|-unboost|p2a: Arcanine|def|1\n|-unboost|p2a: Arcanine|spd|1\n|faint|p1a: Tyranitar\n|-damage|p2a: Arcanine|85\/100|[from] item: Life Orb\n|move|p1b: Scizor|X-Scissor|p2b: Ting-Lu\n|-supereffective|p2b: Ting-Lu\n|-damage|p2b: Ting-Lu|0 fnt\n|faint|p2b: Ting-Lu\n|-damage|p1b: Scizor|41\/100|[from] item: Life Orb\n|\n|-weather|Sandstorm|[upkeep]\n|-damage|p2a: Arcanine|79\/100|[from] Sandstorm\n|-damage|p1b: Scizor|35\/100|[from] Sandstorm\n|upkeep\n|\n|t:|1681770343\n|switch|p2b: Palafin|Palafin-Hero, L50, F|100\/100\n|-activate|p2b: Palafin|ability: Zero to Hero\n|turn|6\n|\n|t:|1681770352\n|switch|p2a: Baxcalibur|Baxcalibur, L50, M|100\/100\n|-terastallize|p2b: Palafin|Water\n|move|p2b: Palafin|Jet Punch|p1b: Scizor\n|-supereffective|p1b: Scizor\n|-damage|p1b: Scizor|0 fnt\n|faint|p1b: Scizor\n|\n|win|zapdos95\n|raw|Pinhas06's rating: 1333 → 1316<\/strong> (-17 for losing)\n|raw|zapdos95's rating: 1384 → 1401<\/strong> (+17 for winning)\n|l|\u2606Pinhas06\n","uploadtime":1681770362,"views":5,"p1id":"pinhas06","p2id":"zapdos95","formatid":"gen9vgc2023regulationc","rating":1316,"private":0,"password":""}