{"id":"gen9vgc2023regulationc-1849149891","p1":"Zjpili","p2":"JayVolver","format":"[Gen 9] VGC 2023 Regulation C","log":"|j|\u2606Zjpili\n|j|\u2606JayVolver\n|t:|1682164496\n|gametype|doubles\n|player|p1|Zjpili|camper|1175\n|player|p2|JayVolver|101|1079\n|teamsize|p1|6\n|teamsize|p2|6\n|gen|9\n|tier|[Gen 9] VGC 2023 Regulation C\n|rated|\n|rule|Species Clause: Limit one of each Pok\u00e9mon\n|rule|Item Clause: Limit one of each item\n|clearpoke\n|poke|p1|Scizor, L50, F|\n|poke|p1|Flutter Mane, L50|\n|poke|p1|Rotom-Wash, L50|\n|poke|p1|Great Tusk, L50|\n|poke|p1|Arcanine, L50, F|\n|poke|p1|Chien-Pao, L50|\n|poke|p2|Ting-Lu, L50|\n|poke|p2|Amoonguss, L50, M|\n|poke|p2|Flutter Mane, L50|\n|poke|p2|Dragonite, L50, F|\n|poke|p2|Chien-Pao, L50|\n|poke|p2|Corviknight, L50, M|\n|teampreview|4\n|\n|t:|1682164542\n|start\n|switch|p1a: Great Tusk|Great Tusk, L50|100\/100\n|switch|p1b: Arcanine|Arcanine, L50, F|100\/100\n|switch|p2a: Ting-Lu|Ting-Lu, L50|100\/100\n|switch|p2b: Amoonguss|Amoonguss, L50, M, shiny|100\/100\n|-ability|p1b: Arcanine|Intimidate|boost\n|-unboost|p2a: Ting-Lu|atk|1\n|-unboost|p2b: Amoonguss|atk|1\n|-ability|p2a: Ting-Lu|Vessel of Ruin\n|turn|1\n|inactive|Battle timer is ON: inactive players will automatically lose when time's up. (requested by Zjpili)\n|inactive|JayVolver has 60 seconds left.\n|\n|t:|1682164591\n|-terastallize|p2b: Amoonguss|Water\n|move|p1a: Great Tusk|Close Combat|p2a: Ting-Lu\n|-supereffective|p2a: Ting-Lu\n|-damage|p2a: Ting-Lu|39\/100\n|-unboost|p1a: Great Tusk|def|1\n|-unboost|p1a: Great Tusk|spd|1\n|move|p1b: Arcanine|Flare Blitz|p2b: Amoonguss\n|-resisted|p2b: Amoonguss\n|-damage|p2b: Amoonguss|79\/100\n|-damage|p1b: Arcanine|92\/100|[from] Recoil\n|move|p2a: Ting-Lu|Fissure|p1a: Great Tusk\n|-damage|p1a: Great Tusk|0 fnt\n|faint|p1a: Great Tusk\n|-end|p1a: Great Tusk|Protosynthesis|[silent]\n|-ohko\n|move|p2b: Amoonguss|Spore|p1b: Arcanine\n|-status|p1b: Arcanine|slp|[from] move: Spore\n|\n|upkeep\n|inactive|Zjpili has 30 seconds left.\n|\n|t:|1682164617\n|switch|p1a: dont miss|Rotom-Wash, L50|100\/100\n|turn|2\n|\n|t:|1682164634\n|switch|p1b: Scizor|Scizor, L50, F|100\/100\n|switch|p2a: Dragonite|Dragonite, L50, F|100\/100\n|move|p1a: dont miss|Thunderbolt|p2b: Amoonguss\n|-supereffective|p2b: Amoonguss\n|-damage|p2b: Amoonguss|21\/100\n|-enditem|p2b: Amoonguss|Sitrus Berry|[eat]\n|-heal|p2b: Amoonguss|46\/100|[from] item: Sitrus Berry\n|move|p2b: Amoonguss|Spore|p1a: dont miss\n|-status|p1a: dont miss|slp|[from] move: Spore\n|\n|upkeep\n|turn|3\n|inactive|Zjpili has 30 seconds left.\n|inactive|JayVolver has 30 seconds left.\n|inactive|Zjpili has 20 seconds left.\n|inactive|Zjpili has 15 seconds left.\n|inactive|Zjpili has 10 seconds left.\n|\n|t:|1682164683\n|switch|p1a: Arcanine|Arcanine, L50, F|92\/100 slp\n|-ability|p1a: Arcanine|Intimidate|boost\n|-unboost|p2a: Dragonite|atk|1\n|-unboost|p2b: Amoonguss|atk|1\n|move|p1b: Scizor|Protect|p1b: Scizor\n|-singleturn|p1b: Scizor|Protect\n|move|p2a: Dragonite|Stomping Tantrum|p1b: Scizor\n|-activate|p1b: Scizor|move: Protect\n|move|p2b: Amoonguss|Spore|p1b: Scizor\n|-activate|p1b: Scizor|move: Protect\n|\n|upkeep\n|turn|4\n|inactive|Zjpili has 30 seconds left.\n|inactive|Zjpili has 20 seconds left.\n|inactive|Zjpili has 15 seconds left.\n|inactive|Zjpili has 10 seconds left.\n|inactive|Zjpili has 5 seconds left.\n|\n|t:|1682164735\n|switch|p2a: Ting-Lu|Ting-Lu, L50|39\/100\n|-ability|p2a: Ting-Lu|Vessel of Ruin\n|switch|p1b: dont miss|Rotom-Wash, L50|100\/100 slp\n|-terastallize|p1a: Arcanine|Grass\n|cant|p1a: Arcanine|slp\n|move|p2b: Amoonguss|Spore|p1b: dont miss\n|-fail|p1b: dont miss|slp\n|\n|upkeep\n|turn|5\n|inactive|Zjpili has 30 seconds left.\n|inactive|Zjpili has 20 seconds left.\n|inactive|Zjpili has 15 seconds left.\n|inactive|Zjpili has 10 seconds left.\n|\n|t:|1682164784\n|switch|p1a: Scizor|Scizor, L50, F|100\/100\n|cant|p1b: dont miss|slp\n|move|p2a: Ting-Lu|Fissure|p1a: Scizor\n|-damage|p1a: Scizor|0 fnt\n|faint|p1a: Scizor\n|-ohko\n|move|p2b: Amoonguss|Pollen Puff|p2a: Ting-Lu\n|-heal|p2a: Ting-Lu|89\/100\n|\n|upkeep\n|\n|t:|1682164798\n|switch|p1a: Arcanine|Arcanine, L50, F, tera:Grass|92\/100 slp\n|-ability|p1a: Arcanine|Intimidate|boost\n|-unboost|p2a: Ting-Lu|atk|1\n|-unboost|p2b: Amoonguss|atk|1\n|turn|6\n|\n|t:|1682164820\n|switch|p2b: Dragonite|Dragonite, L50, F|100\/100\n|-curestatus|p1a: Arcanine|slp|[msg]\n|move|p1a: Arcanine|Extreme Speed|p2b: Dragonite\n|-damage|p2b: Dragonite|89\/100\n|cant|p1b: dont miss|slp\n|move|p2a: Ting-Lu|Fissure|p1a: Arcanine|[miss]\n|-miss|p2a: Ting-Lu|p1a: Arcanine\n|\n|upkeep\n|turn|7\n|inactive|Zjpili has 30 seconds left.\n|inactive|Zjpili has 20 seconds left.\n|inactive|Zjpili has 15 seconds left.\n|inactive|Zjpili has 10 seconds left.\n|\n|t:|1682164868\n|move|p2b: Dragonite|Extreme Speed|p1a: Arcanine\n|-damage|p1a: Arcanine|59\/100\n|move|p1a: Arcanine|Flare Blitz|p2a: Ting-Lu\n|-damage|p2a: Ting-Lu|62\/100\n|-damage|p1a: Arcanine|47\/100|[from] Recoil\n|cant|p1b: dont miss|slp\n|move|p2a: Ting-Lu|Stomping Tantrum|p1a: Arcanine\n|-resisted|p1a: Arcanine\n|-damage|p1a: Arcanine|28\/100\n|\n|upkeep\n|turn|8\n|inactive|Zjpili has 30 seconds left.\n|inactive|JayVolver has 30 seconds left.\n|\n|t:|1682164895\n|switch|p2a: Amoonguss|Amoonguss, L50, M, shiny, tera:Water|79\/100\n|move|p2b: Dragonite|Extreme Speed|p1a: Arcanine\n|-damage|p1a: Arcanine|0 fnt\n|faint|p1a: Arcanine\n|-curestatus|p1b: dont miss|slp|[msg]\n|move|p1b: dont miss|Thunderbolt|p2b: Dragonite\n|-damage|p2b: Dragonite|57\/100\n|\n|upkeep\n|turn|9\n|-message|Zjpili forfeited.\n|\n|win|JayVolver\n|raw|Zjpili's rating: 1175 → 1143<\/strong> (-32 for losing)\n|raw|JayVolver's rating: 1079 → 1115<\/strong> (+36 for winning)\n|l|\u2606Zjpili\n","uploadtime":1682164916,"views":9,"p1id":"zjpili","p2id":"jayvolver","formatid":"gen9vgc2023regulationc","rating":1115,"private":0,"password":""}