{"id":"gen9vgc2023regulationc-1853117445","p1":"mathtass","p2":"KingTerry777","format":"[Gen 9] VGC 2023 Regulation C","log":"|j|\u2606mathtass\n|j|\u2606KingTerry777\n|t:|1682637255\n|gametype|doubles\n|player|p1|mathtass|101|1336\n|player|p2|KingTerry777|veteran|1379\n|teamsize|p1|6\n|teamsize|p2|6\n|gen|9\n|tier|[Gen 9] VGC 2023 Regulation C\n|rated|\n|rule|Species Clause: Limit one of each Pok\u00e9mon\n|rule|Item Clause: Limit one of each item\n|clearpoke\n|poke|p1|Amoonguss, L50, F|\n|poke|p1|Chi-Yu, L50|\n|poke|p1|Arcanine, L50, M|\n|poke|p1|Dragonite, L50, M|\n|poke|p1|Flutter Mane, L50|\n|poke|p1|Iron Hands, L50|\n|poke|p2|Baxcalibur, L50, M|\n|poke|p2|Arcanine, L50, M|\n|poke|p2|Amoonguss, L50, F|\n|poke|p2|Palafin, L50, M|\n|poke|p2|Flutter Mane, L50|\n|poke|p2|Corviknight, L50, M|\n|teampreview|4\n|inactive|Battle timer is ON: inactive players will automatically lose when time's up. (requested by KingTerry777)\nmathtass has agreed to open team sheets.\n|inactive|KingTerry777 has 60 seconds left.\n|\n|t:|1682637292\n|start\n|switch|p1a: Dragonite|Dragonite, L50, M|100\/100\n|switch|p1b: Arcanine|Arcanine, L50, M|100\/100\n|switch|p2a: Corviknight|Corviknight, L50, M|100\/100\n|switch|p2b: Flutter Mane|Flutter Mane, L50|100\/100\n|-ability|p1b: Arcanine|Intimidate|boost\n|-ability|p2a: Corviknight|Mirror Armor\n|-unboost|p1b: Arcanine|atk|1\n|-unboost|p2b: Flutter Mane|atk|1\n|turn|1\n|inactive|KingTerry777 has 30 seconds left.\n|\n|t:|1682637320\n|-terastallize|p1a: Dragonite|Flying\n|move|p2b: Flutter Mane|Dazzling Gleam|p1b: Arcanine|[spread] p1a,p1b\n|-resisted|p1b: Arcanine\n|-damage|p1a: Dragonite|80\/100\n|-damage|p1b: Arcanine|76\/100\n|move|p1b: Arcanine|Howl|p1b: Arcanine|[spread] p1a,p1b\n|-boost|p1a: Dragonite|atk|1\n|-boost|p1b: Arcanine|atk|1\n|move|p1a: Dragonite|Tera Blast|p2b: Flutter Mane\n|-damage|p2b: Flutter Mane|0 fnt\n|faint|p2b: Flutter Mane\n|-end|p2b: Flutter Mane|Protosynthesis|[silent]\n|move|p2a: Corviknight|Brave Bird|p1b: Arcanine\n|-damage|p1b: Arcanine|11\/100\n|-enditem|p1b: Arcanine|Sitrus Berry|[eat]\n|-heal|p1b: Arcanine|36\/100|[from] item: Sitrus Berry\n|-damage|p2a: Corviknight|80\/100|[from] Recoil\n|\n|upkeep\n|\n|t:|1682637334\n|switch|p2b: Arcanine|Arcanine, L50, M|100\/100\n|-ability|p2b: Arcanine|Intimidate|boost\n|-unboost|p1a: Dragonite|atk|1\n|-unboost|p1b: Arcanine|atk|1\n|turn|2\n|inactive|KingTerry777 has 30 seconds left.\n|\n|t:|1682637367\n|move|p2b: Arcanine|Will-O-Wisp|p1a: Dragonite\n|-status|p1a: Dragonite|brn\n|-enditem|p1a: Dragonite|Lum Berry|[eat]\n|-curestatus|p1a: Dragonite|brn|[msg]\n|move|p1b: Arcanine|Howl|p1b: Arcanine|[spread] p1a,p1b\n|-boost|p1a: Dragonite|atk|1\n|-boost|p1b: Arcanine|atk|1\n|move|p1a: Dragonite|Stomping Tantrum|p2b: Arcanine\n|-supereffective|p2b: Arcanine\n|-damage|p2b: Arcanine|10\/100\n|move|p2a: Corviknight|Bulk Up|p2a: Corviknight\n|-boost|p2a: Corviknight|atk|1\n|-boost|p2a: Corviknight|def|1\n|\n|upkeep\n|turn|3\n|\n|t:|1682637391\n|-terastallize|p2a: Corviknight|Fire\n|move|p2b: Arcanine|Protect|p2b: Arcanine\n|-singleturn|p2b: Arcanine|Protect\n|move|p1a: Dragonite|Extreme Speed|p2b: Arcanine\n|-activate|p2b: Arcanine|move: Protect\n|move|p1b: Arcanine|Will-O-Wisp|p2a: Corviknight\n|-immune|p2a: Corviknight\n|move|p2a: Corviknight|Brave Bird|p1a: Dragonite\n|-crit|p1a: Dragonite\n|-damage|p1a: Dragonite|0 fnt\n|faint|p1a: Dragonite\n|-damage|p2a: Corviknight|55\/100|[from] Recoil\n|\n|upkeep\n|\n|t:|1682637404\n|switch|p1a: Amoonguss|Amoonguss, L50, F, shiny|100\/100\n|turn|4\n|inactive|KingTerry777 has 30 seconds left.\n|\n|t:|1682637430\n|move|p2b: Arcanine|Howl|p2b: Arcanine|[spread] p2a,p2b\n|-boost|p2a: Corviknight|atk|1\n|-boost|p2b: Arcanine|atk|1\n|move|p1b: Arcanine|Flare Blitz|p2b: Arcanine\n|-resisted|p2b: Arcanine\n|-damage|p2b: Arcanine|0 fnt\n|faint|p2b: Arcanine\n|-damage|p1b: Arcanine|33\/100|[from] Recoil\n|move|p2a: Corviknight|Taunt|p1a: Amoonguss\n|-start|p1a: Amoonguss|move: Taunt\n|move|p1a: Amoonguss|Clear Smog|p2a: Corviknight\n|-damage|p2a: Corviknight|36\/100\n|-clearboost|p2a: Corviknight\n|\n|upkeep\n|\n|t:|1682637443\n|switch|p2b: Amoonguss|Amoonguss, L50, F|100\/100\n|turn|5\n|-message|KingTerry777 forfeited.\n|\n|win|mathtass\n|raw|mathtass's rating: 1336 → 1358<\/strong> (+22 for winning)\n|raw|KingTerry777's rating: 1379 → 1357<\/strong> (-22 for losing)\n|l|\u2606KingTerry777\n","uploadtime":1682637452,"views":9,"p1id":"mathtass","p2id":"kingterry777","formatid":"gen9vgc2023regulationc","rating":1357,"private":0,"password":""}