{"id":"gen9vgc2023regulationc-1847859290","p1":"Tonnoman","p2":"PearDaddy","format":"[Gen 9] VGC 2023 Regulation C","log":"|j|\u2606Tonnoman\n|j|\u2606PearDaddy\n|t:|1682007829\n|gametype|doubles\n|player|p1|Tonnoman|pryce|1076\n|player|p2|PearDaddy|penny|1175\n|teamsize|p1|6\n|teamsize|p2|6\n|gen|9\n|tier|[Gen 9] VGC 2023 Regulation C\n|rated|\n|rule|Species Clause: Limit one of each Pok\u00e9mon\n|rule|Item Clause: Limit one of each item\n|clearpoke\n|poke|p1|Wo-Chien, L50|\n|poke|p1|Gothitelle, L50, M|\n|poke|p1|Glimmora, L50, M|\n|poke|p1|Flutter Mane, L50|\n|poke|p1|Dragonite, L50, F|\n|poke|p1|Gyarados, L50, M|\n|poke|p2|Tyranitar, L50, F|\n|poke|p2|Glimmora, L50, F|\n|poke|p2|Garchomp, L50, M|\n|poke|p2|Corviknight, L50, M|\n|poke|p2|Arcanine, L50, F|\n|poke|p2|Sandy Shocks, L50|\n|teampreview|4\n|inactive|Battle timer is ON: inactive players will automatically lose when time's up. (requested by Tonnoman)\n|\n|t:|1682007844\n|start\n|switch|p1a: Gothitelle|Gothitelle, L50, M|100\/100\n|switch|p1b: Flutter Mane|Flutter Mane, L50|100\/100\n|switch|p2a: Corviknight|Corviknight, L50, M|100\/100\n|switch|p2b: Sandy Shocks|Sandy Shocks, L50|100\/100\n|-ability|p2a: Corviknight|Unnerve\n|-enditem|p2b: Sandy Shocks|Booster Energy\n|-activate|p2b: Sandy Shocks|ability: Protosynthesis|[fromitem]\n|-start|p2b: Sandy Shocks|protosynthesisspe\n|turn|1\n|\n|t:|1682007856\n|move|p1a: Gothitelle|Fake Out|p2b: Sandy Shocks\n|-damage|p2b: Sandy Shocks|95\/100\n|cant|p2b: Sandy Shocks|flinch\n|move|p1b: Flutter Mane|Perish Song|p1b: Flutter Mane\n|-start|p1a: Gothitelle|perish3|[silent]\n|-start|p1b: Flutter Mane|perish3|[silent]\n|-start|p2a: Corviknight|perish3|[silent]\n|-start|p2b: Sandy Shocks|perish3|[silent]\n|-fieldactivate|move: Perish Song\n|move|p2a: Corviknight|Drill Peck|p1b: Flutter Mane\n|-damage|p1b: Flutter Mane|3\/100\n|\n|-start|p2b: Sandy Shocks|perish3\n|-start|p1b: Flutter Mane|perish3\n|-start|p1a: Gothitelle|perish3\n|-start|p2a: Corviknight|perish3\n|upkeep\n|turn|2\n|\n|t:|1682007872\n|move|p1a: Gothitelle|Protect|p1a: Gothitelle\n|-singleturn|p1a: Gothitelle|Protect\n|move|p2b: Sandy Shocks|Thunderbolt|p1a: Gothitelle\n|-activate|p1a: Gothitelle|move: Protect\n|move|p1b: Flutter Mane|Shadow Ball|p2a: Corviknight\n|-damage|p2a: Corviknight|57\/100\n|move|p2a: Corviknight|Bulk Up|p2a: Corviknight\n|-boost|p2a: Corviknight|atk|1\n|-boost|p2a: Corviknight|def|1\n|\n|-start|p2b: Sandy Shocks|perish2\n|-start|p1b: Flutter Mane|perish2\n|-start|p1a: Gothitelle|perish2\n|-start|p2a: Corviknight|perish2\n|upkeep\n|turn|3\n|\n|t:|1682007880\n|move|p2b: Sandy Shocks|Thunderbolt|p1b: Flutter Mane\n|-damage|p1b: Flutter Mane|0 fnt\n|faint|p1b: Flutter Mane\n|-end|p1b: Flutter Mane|Protosynthesis|[silent]\n|move|p1a: Gothitelle|Psychic|p2b: Sandy Shocks\n|-damage|p2b: Sandy Shocks|61\/100\n|-unboost|p2b: Sandy Shocks|spd|1\n|move|p2a: Corviknight|Drill Peck|p1a: Gothitelle\n|-crit|p1a: Gothitelle\n|-damage|p1a: Gothitelle|30\/100\n|\n|-start|p2b: Sandy Shocks|perish1\n|-start|p1a: Gothitelle|perish1\n|-start|p2a: Corviknight|perish1\n|upkeep\n|\n|t:|1682007889\n|switch|p1b: Wo-Chien|Wo-Chien, L50|100\/100\n|-ability|p1b: Wo-Chien|Tablets of Ruin\n|turn|4\n|\n|t:|1682007903\n|move|p1b: Wo-Chien|Protect|p1b: Wo-Chien\n|-singleturn|p1b: Wo-Chien|Protect\n|move|p2b: Sandy Shocks|Thunderbolt|p1a: Gothitelle\n|-damage|p1a: Gothitelle|0 fnt\n|faint|p1a: Gothitelle\n|move|p2a: Corviknight|Tailwind|p2a: Corviknight\n|-sidestart|p2: PearDaddy|move: Tailwind\n|\n|-start|p2b: Sandy Shocks|perish0\n|-start|p2a: Corviknight|perish0\n|faint|p2b: Sandy Shocks\n|-end|p2b: Sandy Shocks|Protosynthesis|[silent]\n|faint|p2a: Corviknight\n|upkeep\n|\n|t:|1682007912\n|switch|p2b: Tyranitar|Tyranitar, L50, F|100\/100\n|switch|p1a: Glimmora|Glimmora, L50, M|100\/100\n|switch|p2a: Garchomp|Garchomp, L50, M|100\/100\n|-weather|Sandstorm|[from] ability: Sand Stream|[of] p2b: Tyranitar\n|turn|5\n|\n|t:|1682007925\n|-terastallize|p2b: Tyranitar|Flying\n|-terastallize|p1a: Glimmora|Grass\n|move|p2a: Garchomp|Earthquake|p1b: Wo-Chien|[spread] p1a,p1b\n|-immune|p2b: Tyranitar\n|-resisted|p1a: Glimmora\n|-resisted|p1b: Wo-Chien\n|-damage|p1a: Glimmora|85\/100\n|-damage|p1b: Wo-Chien|89\/100\n|-activate|p1a: Glimmora|ability: Toxic Debris\n|-sidestart|p2: PearDaddy|move: Toxic Spikes\n|move|p2b: Tyranitar|Ice Beam|p1b: Wo-Chien\n|-supereffective|p1b: Wo-Chien\n|-damage|p1b: Wo-Chien|56\/100\n|move|p1a: Glimmora|Mortal Spin|p2b: Tyranitar|[spread] p2a,p2b\n|-resisted|p2a: Garchomp\n|-damage|p2a: Garchomp|99\/100\n|-damage|p2b: Tyranitar|98\/100\n|-status|p2a: Garchomp|psn\n|-status|p2b: Tyranitar|psn\n|move|p1b: Wo-Chien|Leech Seed|p2b: Tyranitar\n|-start|p2b: Tyranitar|move: Leech Seed\n|\n|-weather|Sandstorm|[upkeep]\n|-damage|p2b: Tyranitar|92\/100 psn|[from] Sandstorm\n|-damage|p1a: Glimmora|79\/100|[from] Sandstorm\n|-damage|p1b: Wo-Chien|49\/100|[from] Sandstorm\n|-heal|p1b: Wo-Chien|56\/100|[from] item: Leftovers\n|-damage|p2b: Tyranitar|80\/100 psn|[from] Leech Seed|[of] p1b: Wo-Chien\n|-heal|p1b: Wo-Chien|68\/100|[silent]\n|-damage|p2a: Garchomp|87\/100 psn|[from] psn\n|-damage|p2b: Tyranitar|67\/100 psn|[from] psn\n|upkeep\n|turn|6\n|\n|t:|1682007940\n|move|p2a: Garchomp|Dragon Claw|p1a: Glimmora\n|-damage|p1a: Glimmora|45\/100\n|-activate|p1a: Glimmora|ability: Toxic Debris\n|-sidestart|p2: PearDaddy|move: Toxic Spikes\n|move|p2b: Tyranitar|Ice Beam|p1a: Glimmora\n|-supereffective|p1a: Glimmora\n|-damage|p1a: Glimmora|10\/100\n|-status|p1a: Glimmora|frz\n|cant|p1a: Glimmora|frz\n|move|p1b: Wo-Chien|Leech Seed|p2a: Garchomp|[miss]\n|-miss|p1b: Wo-Chien|p2a: Garchomp\n|\n|-weather|Sandstorm|[upkeep]\n|-damage|p2b: Tyranitar|61\/100 psn|[from] Sandstorm\n|-damage|p1a: Glimmora|5\/100 frz|[from] Sandstorm\n|-damage|p1b: Wo-Chien|62\/100|[from] Sandstorm\n|-heal|p1b: Wo-Chien|68\/100|[from] item: Leftovers\n|-damage|p2b: Tyranitar|49\/100 psn|[from] Leech Seed|[of] p1b: Wo-Chien\n|-heal|p1b: Wo-Chien|81\/100|[silent]\n|-damage|p2a: Garchomp|75\/100 psn|[from] psn\n|-damage|p2b: Tyranitar|36\/100 psn|[from] psn\n|upkeep\n|turn|7\n|\n|t:|1682007958\n|move|p2a: Garchomp|Dragon Claw|p1b: Wo-Chien\n|-damage|p1b: Wo-Chien|52\/100\n|move|p2b: Tyranitar|Ice Beam|p1b: Wo-Chien\n|-supereffective|p1b: Wo-Chien\n|-damage|p1b: Wo-Chien|20\/100\n|cant|p1a: Glimmora|frz\n|move|p1b: Wo-Chien|Leech Seed|p2a: Garchomp|[miss]\n|-miss|p1b: Wo-Chien|p2a: Garchomp\n|\n|-weather|Sandstorm|[upkeep]\n|-damage|p2b: Tyranitar|30\/100 psn|[from] Sandstorm\n|-damage|p1a: Glimmora|0 fnt|[from] Sandstorm\n|-damage|p1b: Wo-Chien|14\/100|[from] Sandstorm\n|faint|p1a: Glimmora\n|-heal|p1b: Wo-Chien|20\/100|[from] item: Leftovers\n|-damage|p2b: Tyranitar|18\/100 psn|[from] Leech Seed|[of] p1b: Wo-Chien\n|-heal|p1b: Wo-Chien|32\/100|[silent]\n|-damage|p2a: Garchomp|63\/100 psn|[from] psn\n|-damage|p2b: Tyranitar|5\/100 psn|[from] psn\n|-sideend|p2: PearDaddy|move: Tailwind\n|upkeep\n|turn|8\n|\n|t:|1682007970\n|move|p1b: Wo-Chien|Protect|p1b: Wo-Chien\n|-singleturn|p1b: Wo-Chien|Protect\n|move|p2a: Garchomp|Dragon Claw|p1b: Wo-Chien\n|-activate|p1b: Wo-Chien|move: Protect\n|move|p2b: Tyranitar|Ice Beam|p1b: Wo-Chien\n|-activate|p1b: Wo-Chien|move: Protect\n|\n|-weather|Sandstorm|[upkeep]\n|-damage|p1b: Wo-Chien|26\/100|[from] Sandstorm\n|-damage|p2b: Tyranitar|0 fnt|[from] Sandstorm\n|faint|p2b: Tyranitar\n|-heal|p1b: Wo-Chien|32\/100|[from] item: Leftovers\n|-damage|p2a: Garchomp|51\/100 psn|[from] psn\n|upkeep\n|turn|9\n|\n|t:|1682007974\n|move|p2a: Garchomp|Dragon Claw|p1b: Wo-Chien\n|-damage|p1b: Wo-Chien|5\/100\n|move|p1b: Wo-Chien|Leech Seed|p2a: Garchomp\n|-start|p2a: Garchomp|move: Leech Seed\n|\n|-weather|none\n|-heal|p1b: Wo-Chien|11\/100|[from] item: Leftovers\n|-damage|p2a: Garchomp|39\/100 psn|[from] Leech Seed|[of] p1b: Wo-Chien\n|-heal|p1b: Wo-Chien|23\/100|[silent]\n|-damage|p2a: Garchomp|27\/100 psn|[from] psn\n|upkeep\n|turn|10\n|\n|t:|1682007986\n|move|p1b: Wo-Chien|Protect|p1b: Wo-Chien\n|-singleturn|p1b: Wo-Chien|Protect\n|move|p2a: Garchomp|Dragon Claw|p1b: Wo-Chien\n|-activate|p1b: Wo-Chien|move: Protect\n|\n|-heal|p1b: Wo-Chien|29\/100|[from] item: Leftovers\n|-damage|p2a: Garchomp|15\/100 psn|[from] Leech Seed|[of] p1b: Wo-Chien\n|-heal|p1b: Wo-Chien|41\/100|[silent]\n|-damage|p2a: Garchomp|3\/100 psn|[from] psn\n|upkeep\n|turn|11\n|\n|t:|1682007998\n|move|p2a: Garchomp|Dragon Claw|p1b: Wo-Chien\n|-crit|p1b: Wo-Chien\n|-damage|p1b: Wo-Chien|0 fnt\n|faint|p1b: Wo-Chien\n|\n|win|PearDaddy\n|raw|Tonnoman's rating: 1076 → 1061<\/strong> (-15 for losing)\n|raw|PearDaddy's rating: 1175 → 1193<\/strong> (+18 for winning)\n|c|\u2606PearDaddy|lol\n|c|\u2606PearDaddy|gg\n","uploadtime":1682008018,"views":14,"p1id":"tonnoman","p2id":"peardaddy","formatid":"gen9vgc2023regulationc","rating":1061,"private":0,"password":""}