{"id":"gen9vgc2023regulationc-1855667425","p1":"CalledComa","p2":"previouslyunnamed","format":"[Gen 9] VGC 2023 Regulation C","log":"|j|\u2606CalledComa\n|j|\u2606previouslyunnamed\n|t:|1682971400\n|gametype|doubles\n|player|p1|CalledComa|102|1215\n|player|p2|previouslyunnamed|swimmerf-gen4|1287\n|teamsize|p1|6\n|teamsize|p2|6\n|gen|9\n|tier|[Gen 9] VGC 2023 Regulation C\n|rated|\n|rule|Species Clause: Limit one of each Pok\u00e9mon\n|rule|Item Clause: Limit one of each item\n|clearpoke\n|poke|p1|Palafin, L50, F|\n|poke|p1|Chien-Pao, L50|\n|poke|p1|Dragapult, L50, F|\n|poke|p1|Amoonguss, L50, M|\n|poke|p1|Arcanine, L50, F|\n|poke|p1|Flutter Mane, L50|\n|poke|p2|Murkrow, L50, M|\n|poke|p2|Flutter Mane, L50|\n|poke|p2|Chi-Yu, L50|\n|poke|p2|Great Tusk, L50|\n|poke|p2|Tyranitar, L50, F|\n|poke|p2|Chien-Pao, L50|\n|teampreview|4\n|inactive|Battle timer is ON: inactive players will automatically lose when time's up. (requested by previouslyunnamed)\n|c|\u2606previouslyunnamed|glhf\n|inactive|CalledComa has 60 seconds left.\n|\n|t:|1682971433\n|start\n|switch|p1a: Bundle|Chien-Pao, L50|100\/100\n|switch|p1b: Dnite|Dragapult, L50, F|100\/100\n|switch|p2a: Chi-Yu|Chi-Yu, L50|100\/100\n|switch|p2b: Murkrow|Murkrow, L50, M|100\/100\n|-ability|p1a: Bundle|Sword of Ruin\n|-ability|p2a: Chi-Yu|Beads of Ruin\n|turn|1\n|\n|t:|1682971450\n|move|p2a: Chi-Yu|Protect|p2a: Chi-Yu\n|-singleturn|p2a: Chi-Yu|Protect\n|move|p2b: Murkrow|Tailwind|p2b: Murkrow\n|-sidestart|p2: previouslyunnamed|move: Tailwind\n|move|p1b: Dnite|Dragon Darts|p2b: Murkrow\n|-damage|p2b: Murkrow|41\/100\n|-anim|p1b: Dnite|Dragon Darts|p2b: Murkrow\n|-damage|p2b: Murkrow|0 fnt\n|faint|p2b: Murkrow\n|move|p1a: Bundle|Sacred Sword|p2a: Chi-Yu\n|-activate|p2a: Chi-Yu|move: Protect\n|\n|upkeep\n|\n|t:|1682971465\n|switch|p2b: Chien-Pao|Chien-Pao, L50|100\/100\n|-ability|p2b: Chien-Pao|Sword of Ruin\n|turn|2\n|\n|t:|1682971480\n|-terastallize|p1b: Dnite|Steel\n|move|p1a: Bundle|Protect|p1a: Bundle\n|-singleturn|p1a: Bundle|Protect\n|move|p2b: Chien-Pao|Throat Chop|p1b: Dnite\n|-damage|p1b: Dnite|34\/100\n|-start|p1b: Dnite|Throat Chop|[silent]\n|move|p2a: Chi-Yu|Heat Wave|p1a: Bundle|[spread] p1b\n|-activate|p1a: Bundle|move: Protect\n|-supereffective|p1b: Dnite\n|-damage|p1b: Dnite|0 fnt\n|faint|p1b: Dnite\n|\n|upkeep\n|\n|t:|1682971493\n|switch|p1b: Mimi|Flutter Mane, L50|100\/100\n|-enditem|p1b: Mimi|Booster Energy\n|-activate|p1b: Mimi|ability: Protosynthesis|[fromitem]\n|-start|p1b: Mimi|protosynthesisspa\n|turn|3\n|\n|t:|1682971510\n|switch|p1a: WoChien|Amoonguss, L50, M|100\/100\n|move|p1b: Mimi|Protect|p1b: Mimi\n|-singleturn|p1b: Mimi|Protect\n|move|p2b: Chien-Pao|Throat Chop|p1a: WoChien\n|-damage|p1a: WoChien|53\/100\n|-start|p1a: WoChien|Throat Chop|[silent]\n|move|p2a: Chi-Yu|Heat Wave|p1a: WoChien|[spread] p1a\n|-activate|p1b: Mimi|move: Protect\n|-supereffective|p1a: WoChien\n|-damage|p1a: WoChien|0 fnt\n|faint|p1a: WoChien\n|\n|upkeep\n|\n|t:|1682971521\n|switch|p1a: Bundle|Chien-Pao, L50|100\/100\n|-ability|p1a: Bundle|Sword of Ruin\n|turn|4\n|\n|t:|1682971532\n|move|p1a: Bundle|Protect|p1a: Bundle\n|-singleturn|p1a: Bundle|Protect\n|move|p1b: Mimi|Protect||[still]\n|-fail|p1b: Mimi\n|move|p2b: Chien-Pao|Throat Chop|p1b: Mimi\n|-damage|p1b: Mimi|27\/100\n|-start|p1b: Mimi|Throat Chop|[silent]\n|move|p2a: Chi-Yu|Heat Wave|p1a: Bundle|[spread] \n|-activate|p1a: Bundle|move: Protect\n|-miss|p2a: Chi-Yu|p1b: Mimi\n|\n|-sideend|p2: previouslyunnamed|move: Tailwind\n|upkeep\n|turn|5\n|\n|t:|1682971548\n|move|p1b: Mimi|Protect|p1b: Mimi\n|-singleturn|p1b: Mimi|Protect\n|move|p2a: Chi-Yu|Protect|p2a: Chi-Yu\n|-singleturn|p2a: Chi-Yu|Protect\n|move|p2b: Chien-Pao|Sucker Punch||[still]\n|-fail|p2b: Chien-Pao\n|move|p1a: Bundle|Sacred Sword|p2a: Chi-Yu\n|-activate|p2a: Chi-Yu|move: Protect\n|\n|-end|p1b: Mimi|Throat Chop|[silent]\n|upkeep\n|turn|6\n|\n|t:|1682971558\n|-terastallize|p2a: Chi-Yu|Ghost\n|move|p1b: Mimi|Protect|p1b: Mimi\n|-singleturn|p1b: Mimi|Protect\n|move|p2b: Chien-Pao|Sucker Punch||[still]\n|-fail|p2b: Chien-Pao\n|move|p1a: Bundle|Sacred Sword|p2a: Chi-Yu\n|-immune|p2a: Chi-Yu\n|move|p2a: Chi-Yu|Heat Wave|p1b: Mimi|[spread] p1a\n|-activate|p1b: Mimi|move: Protect\n|-supereffective|p1a: Bundle\n|-enditem|p1a: Bundle|Focus Sash\n|-damage|p1a: Bundle|1\/100\n|\n|upkeep\n|turn|7\n|inactive|previouslyunnamed has 30 seconds left.\n|\n|t:|1682971585\n|move|p2a: Chi-Yu|Protect|p2a: Chi-Yu\n|-singleturn|p2a: Chi-Yu|Protect\n|move|p1a: Bundle|Sucker Punch||[still]\n|-fail|p1a: Bundle\n|move|p2b: Chien-Pao|Throat Chop|p1a: Bundle\n|-resisted|p1a: Bundle\n|-damage|p1a: Bundle|0 fnt\n|faint|p1a: Bundle\n|move|p1b: Mimi|Moonblast|p2b: Chien-Pao\n|-supereffective|p2b: Chien-Pao\n|-enditem|p2b: Chien-Pao|Focus Sash\n|-damage|p2b: Chien-Pao|1\/100\n|\n|upkeep\n|turn|8\n|c|\u2606previouslyunnamed|ggs\n|inactive|CalledComa has 30 seconds left.\n|l|\u2606CalledComa\n|inactive|CalledComa disconnected and has a minute to reconnect!\n|player|p1|\n|inactive|CalledComa has 20 seconds left.\n|inactive|CalledComa has 15 seconds left.\n|inactive|CalledComa has 10 seconds left.\n|c|\u2606previouslyunnamed|LOLOLOL\n|c|\u2606previouslyunnamed|LLLL\n|inactive|CalledComa has 5 seconds left.\n|c|\u2606previouslyunnamed|L+RATIO\n|-message|CalledComa lost due to inactivity.\n|\n|win|previouslyunnamed\n|raw|CalledComa's rating: 1215 → 1195<\/strong> (-20 for losing)\n|raw|previouslyunnamed's rating: 1287 → 1307<\/strong> (+20 for winning)\n","uploadtime":1682971645,"views":10,"p1id":"calledcoma","p2id":"previouslyunnamed","formatid":"gen9vgc2023regulationc","rating":1195,"private":0,"password":""}