{"id":"gen9vgc2023regulationc-1855146102","p1":"Orcat","p2":"Roseyradio","format":"[Gen 9] VGC 2023 Regulation C","log":"|j|\u203dOrcat\n|j|\u2606Roseyradio\n|t:|1682906920\n|gametype|doubles\n|player|p1|Orcat|2|1545\n|player|p2|Roseyradio|swimmerf-gen4dp|1594\n|teamsize|p1|6\n|teamsize|p2|6\n|gen|9\n|tier|[Gen 9] VGC 2023 Regulation C\n|rated|\n|rule|Species Clause: Limit one of each Pok\u00e9mon\n|rule|Item Clause: Limit one of each item\n|clearpoke\n|poke|p1|Dondozo, L50, F|\n|poke|p1|Tatsugiri, L50, M|\n|poke|p1|Pelipper, L50, F|\n|poke|p1|Drednaw, L50, M|\n|poke|p1|Chien-Pao, L50|\n|poke|p1|Dragonite, L50, M|\n|poke|p2|Pelipper, L50, F|\n|poke|p2|Palafin, L50, F|\n|poke|p2|Amoonguss, L50, F|\n|poke|p2|Iron Hands, L50|\n|poke|p2|Flutter Mane, L50|\n|poke|p2|Chi-Yu, L50|\n|teampreview|4\n|inactive|Battle timer is ON: inactive players will automatically lose when time's up. (requested by Roseyradio)\n|\n|t:|1682906940\n|start\n|switch|p1a: Dondozo|Dondozo, L50, F|100\/100\n|switch|p1b: Pelipper|Pelipper, L50, F|100\/100\n|switch|p2a: Iron Hands|Iron Hands, L50|100\/100\n|switch|p2b: Flutter Mane|Flutter Mane, L50, shiny|100\/100\n|-weather|RainDance|[from] ability: Drizzle|[of] p1b: Pelipper\n|turn|1\n|\n|t:|1682906950\n|switch|p1b: Tatsugiri|Tatsugiri, L50, M|100\/100\n|-activate|p1b: Tatsugiri|ability: Commander|[of] p1a: Dondozo\n|-boost|p1a: Dondozo|atk|2\n|-boost|p1a: Dondozo|spa|2\n|-boost|p1a: Dondozo|spe|2\n|-boost|p1a: Dondozo|def|2\n|-boost|p1a: Dondozo|spd|2\n|-terastallize|p1a: Dondozo|Water\n|move|p2a: Iron Hands|Fake Out|p1a: Dondozo\n|-damage|p1a: Dondozo|94\/100\n|move|p2b: Flutter Mane|Thunderbolt|p1b: Tatsugiri|[miss]\n|-miss|p2b: Flutter Mane|p1b: Tatsugiri\n|cant|p1a: Dondozo|flinch\n|\n|-weather|RainDance|[upkeep]\n|upkeep\n|turn|2\n|j| Hikawari\n|inactive|Roseyradio has 30 seconds left.\n|\n|t:|1682906983\n|-end|p2a: Iron Hands|Quark Drive|[silent]\n|switch|p2a: Amoonguss|Amoonguss, L50, F|100\/100\n|move|p2b: Flutter Mane|Thunderbolt|p1a: Dondozo\n|-supereffective|p1a: Dondozo\n|-damage|p1a: Dondozo|43\/100\n|move|p1a: Dondozo|Surf|p2b: Flutter Mane|[spread] p2a,p2b\n|-miss|p1a: Dondozo|p1b: Tatsugiri\n|-resisted|p2a: Amoonguss\n|-crit|p2b: Flutter Mane\n|-damage|p2a: Amoonguss|48\/100\n|-damage|p2b: Flutter Mane|0 fnt\n|-enditem|p2a: Amoonguss|Sitrus Berry|[eat]\n|-heal|p2a: Amoonguss|73\/100|[from] item: Sitrus Berry\n|faint|p2b: Flutter Mane\n|-end|p2b: Flutter Mane|Protosynthesis|[silent]\n|-damage|p1a: Dondozo|33\/100|[from] item: Life Orb\n|\n|-weather|RainDance|[upkeep]\n|upkeep\n|inactive|Roseyradio has 30 seconds left.\n|\n|t:|1682907009\n|switch|p2b: Iron Hands|Iron Hands, L50|100\/100\n|turn|3\n|j| Spacejes\n|inactive|Roseyradio has 30 seconds left.\n|\n|t:|1682907040\n|switch|p2a: Palafin|Palafin, L50, F|100\/100\n|move|p1a: Dondozo|Protect|p1a: Dondozo\n|-singleturn|p1a: Dondozo|Protect\n|move|p2b: Iron Hands|Fake Out|p1a: Dondozo\n|-activate|p1a: Dondozo|move: Protect\n|\n|-weather|RainDance|[upkeep]\n|upkeep\n|turn|4\n|\n|t:|1682907053\n|-end|p2b: Iron Hands|Quark Drive|[silent]\n|switch|p2b: Amoonguss|Amoonguss, L50, F|100\/100\n|move|p1a: Dondozo|Wave Crash|p2b: Amoonguss\n|-resisted|p2b: Amoonguss\n|-damage|p2b: Amoonguss|0 fnt\n|faint|p2b: Amoonguss\n|-damage|p1a: Dondozo|0 fnt|[from] Recoil\n|faint|p1a: Dondozo\n|move|p2a: Palafin|Haze|p2a: Palafin\n|-clearallboost\n|\n|-weather|RainDance|[upkeep]\n|upkeep\n|\n|t:|1682907071\n|switch|p1a: Pelipper|Pelipper, L50, F|100\/100\n|switch|p2b: Iron Hands|Iron Hands, L50|100\/100\n|turn|5\n|j| NaughtyGirl-chan\n|inactive|Roseyradio has 30 seconds left.\n|\n|t:|1682907105\n|move|p2a: Palafin|Protect|p2a: Palafin\n|-singleturn|p2a: Palafin|Protect\n|move|p1a: Pelipper|Protect|p1a: Pelipper\n|-singleturn|p1a: Pelipper|Protect\n|move|p1b: Tatsugiri|Muddy Water|p2b: Iron Hands|[spread] p2b\n|-activate|p2a: Palafin|move: Protect\n|-damage|p2b: Iron Hands|77\/100\n|move|p2b: Iron Hands|Close Combat|p1b: Tatsugiri\n|-damage|p1b: Tatsugiri|0 fnt\n|-unboost|p2b: Iron Hands|def|1\n|-unboost|p2b: Iron Hands|spd|1\n|faint|p1b: Tatsugiri\n|\n|-weather|none\n|upkeep\n|\n|t:|1682907118\n|switch|p1b: Drednaw|Drednaw, L50, M|100\/100\n|turn|6\n|\n|t:|1682907138\n|move|p2a: Palafin|Wave Crash|p1b: Drednaw\n|-damage|p1b: Drednaw|34\/100\n|-damage|p2a: Palafin|82\/100|[from] Recoil\n|move|p1a: Pelipper|Hurricane|p2a: Palafin\n|-damage|p2a: Palafin|23\/100\n|move|p1b: Drednaw|Earthquake|p2b: Iron Hands|[spread] p2a,p2b\n|-immune|p1a: Pelipper\n|-supereffective|p2b: Iron Hands\n|-damage|p2a: Palafin|0 fnt\n|-damage|p2b: Iron Hands|4\/100\n|faint|p2a: Palafin\n|move|p2b: Iron Hands|Wild Charge|p1a: Pelipper\n|-supereffective|p1a: Pelipper\n|-enditem|p1a: Pelipper|Focus Sash\n|-damage|p1a: Pelipper|1\/100\n|-damage|p2b: Iron Hands|0 fnt|[from] Recoil\n|faint|p2b: Iron Hands\n|-end|p2b: Iron Hands|Quark Drive|[silent]\n|\n|win|Orcat\n|raw|Orcat's rating: 1545 → 1568<\/strong> (+23 for winning)\n|raw|Roseyradio's rating: 1594 → 1571<\/strong> (-23 for losing)\n|l| Spacejes\n|l|\u2606Roseyradio\n","uploadtime":1682907165,"views":16,"p1id":"orcat","p2id":"roseyradio","formatid":"gen9vgc2023regulationc","rating":1568,"private":0,"password":""}