{"id":"gen9vgc2023regulationc-1857983045","p1":"zumjpg","p2":"Bout It 27","format":"[Gen 9] VGC 2023 Regulation C","log":"|j|\u2606zumjpg\n|j|\u2606Bout It 27\n|t:|1683255679\n|gametype|doubles\n|player|p1|zumjpg|169|1215\n|player|p2|Bout It 27|2|1361\n|teamsize|p1|6\n|teamsize|p2|6\n|gen|9\n|tier|[Gen 9] VGC 2023 Regulation C\n|rated|\n|rule|Species Clause: Limit one of each Pok\u00e9mon\n|rule|Item Clause: Limit one of each item\n|clearpoke\n|poke|p1|Wo-Chien, L50|\n|poke|p1|Ting-Lu, L50|\n|poke|p1|Palafin, L50, F|\n|poke|p1|Flutter Mane, L50|\n|poke|p1|Baxcalibur, L50, M|\n|poke|p1|Chi-Yu, L50|\n|poke|p2|Murkrow, L50, F|\n|poke|p2|Haxorus, L50, F|\n|poke|p2|Chi-Yu, L50|\n|poke|p2|Amoonguss, L50, M|\n|poke|p2|Garganacl, L50, M|\n|poke|p2|Chien-Pao, L50|\n|teampreview|4\n|inactive|Battle timer is ON: inactive players will automatically lose when time's up. (requested by zumjpg)\n|inactive|zumjpg has 60 seconds left.\n|\n|t:|1683255715\n|start\n|switch|p1a: Wo-Chien|Wo-Chien, L50|100\/100\n|switch|p1b: Ting-Lu|Ting-Lu, L50|100\/100\n|switch|p2a: Haxorus|Haxorus, L50, F, shiny|100\/100\n|switch|p2b: Murkrow|Murkrow, L50, F|100\/100\n|-ability|p2a: Haxorus|Mold Breaker\n|-ability|p1a: Wo-Chien|Tablets of Ruin\n|-ability|p1b: Ting-Lu|Vessel of Ruin\n|turn|1\n|\n|t:|1683255739\n|switch|p2b: Chien-Pao|Chien-Pao, L50|100\/100\n|-ability|p2b: Chien-Pao|Sword of Ruin\n|move|p2a: Haxorus|Breaking Swipe|p1b: Ting-Lu|[spread] p1a,p1b\n|-damage|p1a: Wo-Chien|76\/100\n|-damage|p1b: Ting-Lu|84\/100\n|-unboost|p1a: Wo-Chien|atk|1\n|-unboost|p1b: Ting-Lu|atk|1\n|-damage|p2a: Haxorus|91\/100|[from] item: Life Orb\n|move|p1a: Wo-Chien|Leech Seed|p2a: Haxorus\n|-start|p2a: Haxorus|move: Leech Seed\n|move|p1b: Ting-Lu|Ruination|p2a: Haxorus\n|-damage|p2a: Haxorus|46\/100\n|\n|-heal|p1a: Wo-Chien|82\/100|[from] item: Leftovers\n|-damage|p2a: Haxorus|33\/100|[from] Leech Seed|[of] p1a: Wo-Chien\n|-heal|p1a: Wo-Chien|92\/100|[silent]\n|upkeep\n|turn|2\n|inactive|zumjpg has 30 seconds left.\n|\n|t:|1683255767\n|switch|p2a: Murkrow|Murkrow, L50, F|100\/100\n|move|p1a: Wo-Chien|Protect|p1a: Wo-Chien\n|-singleturn|p1a: Wo-Chien|Protect\n|move|p2b: Chien-Pao|Ice Spinner|p1b: Ting-Lu\n|-supereffective|p1b: Ting-Lu\n|-damage|p1b: Ting-Lu|46\/100\n|move|p1b: Ting-Lu|Stomping Tantrum|p2b: Chien-Pao\n|-damage|p2b: Chien-Pao|79\/100\n|\n|-heal|p1a: Wo-Chien|98\/100|[from] item: Leftovers\n|upkeep\n|turn|3\n|\n|t:|1683255787\n|move|p1b: Ting-Lu|Protect|p1b: Ting-Lu\n|-singleturn|p1b: Ting-Lu|Protect\n|move|p2a: Murkrow|Tailwind|p2a: Murkrow\n|-sidestart|p2: Bout It 27|move: Tailwind\n|move|p2b: Chien-Pao|Ice Spinner|p1b: Ting-Lu\n|-activate|p1b: Ting-Lu|move: Protect\n|move|p1a: Wo-Chien|Pollen Puff|p1b: Ting-Lu\n|-activate|p1b: Ting-Lu|move: Protect\n|\n|-heal|p1a: Wo-Chien|100\/100|[from] item: Leftovers\n|upkeep\n|turn|4\n|inactive|Bout It 27 has 30 seconds left.\n|\n|t:|1683255815\n|-terastallize|p1b: Ting-Lu|Poison\n|move|p2b: Chien-Pao|Ice Spinner|p1a: Wo-Chien\n|-supereffective|p1a: Wo-Chien\n|-damage|p1a: Wo-Chien|46\/100\n|move|p2a: Murkrow|Foul Play|p1b: Ting-Lu\n|-damage|p1b: Ting-Lu|34\/100\n|move|p1a: Wo-Chien|Leech Seed|p2b: Chien-Pao\n|-start|p2b: Chien-Pao|move: Leech Seed\n|move|p1b: Ting-Lu|Ruination|p2b: Chien-Pao\n|-damage|p2b: Chien-Pao|40\/100\n|\n|-heal|p1a: Wo-Chien|53\/100|[from] item: Leftovers\n|-damage|p2b: Chien-Pao|28\/100|[from] Leech Seed|[of] p1a: Wo-Chien\n|-heal|p1a: Wo-Chien|62\/100|[silent]\n|upkeep\n|turn|5\n|\n|t:|1683255840\n|move|p2b: Chien-Pao|Ice Spinner|p1a: Wo-Chien\n|-supereffective|p1a: Wo-Chien\n|-damage|p1a: Wo-Chien|0 fnt\n|faint|p1a: Wo-Chien\n|move|p2a: Murkrow|Foul Play|p1b: Ting-Lu\n|-damage|p1b: Ting-Lu|19\/100\n|move|p1b: Ting-Lu|Stomping Tantrum|p2b: Chien-Pao\n|-damage|p2b: Chien-Pao|2\/100\n|\n|upkeep\n|\n|t:|1683255852\n|switch|p1a: Palafin|Palafin, L50, F|100\/100\n|turn|6\n|\n|t:|1683255868\n|move|p1a: Palafin|Protect|p1a: Palafin\n|-singleturn|p1a: Palafin|Protect\n|move|p1b: Ting-Lu|Protect|p1b: Ting-Lu\n|-singleturn|p1b: Ting-Lu|Protect\n|move|p2b: Chien-Pao|Sacred Sword|p1a: Palafin\n|-activate|p1a: Palafin|move: Protect\n|move|p2a: Murkrow|Foul Play|p1a: Palafin\n|-activate|p1a: Palafin|move: Protect\n|\n|-damage|p2b: Chien-Pao|0 fnt|[from] Leech Seed|[of] p1a: Palafin\n|faint|p2b: Chien-Pao\n|-sideend|p2: Bout It 27|move: Tailwind\n|upkeep\n|\n|t:|1683255883\n|switch|p2b: Haxorus|Haxorus, L50, F, shiny|33\/100\n|-ability|p2b: Haxorus|Mold Breaker\n|turn|7\n|\n|t:|1683255893\n|detailschange|p1a: Palafin|Palafin-Hero, L50, F\n|switch|p1a: Flutter Mane|Flutter Mane, L50, shiny|100\/100\n|-terastallize|p2b: Haxorus|Ground\n|move|p2a: Murkrow|Tailwind|p2a: Murkrow\n|-sidestart|p2: Bout It 27|move: Tailwind\n|move|p2b: Haxorus|Earthquake|p1b: Ting-Lu|[spread] p1a,p1b\n|-immune|p2a: Murkrow\n|-supereffective|p1b: Ting-Lu\n|-damage|p1a: Flutter Mane|0 fnt\n|-damage|p1b: Ting-Lu|0 fnt\n|faint|p1a: Flutter Mane\n|-end|p1a: Flutter Mane|Protosynthesis|[silent]\n|faint|p1b: Ting-Lu\n|-damage|p2b: Haxorus|24\/100|[from] item: Life Orb\n|\n|upkeep\n|\n|t:|1683255907\n|switch|p1a: Palafin|Palafin-Hero, L50, F|100\/100\n|-activate|p1a: Palafin|ability: Zero to Hero\n|turn|8\n|\n|t:|1683255922\n|move|p2b: Haxorus|Protect|p2b: Haxorus\n|-singleturn|p2b: Haxorus|Protect\n|move|p1a: Palafin|Protect|p1a: Palafin\n|-singleturn|p1a: Palafin|Protect\n|move|p2a: Murkrow|Foul Play|p1a: Palafin\n|-activate|p1a: Palafin|move: Protect\n|\n|upkeep\n|turn|9\n|\n|t:|1683255934\n|move|p1a: Palafin|Jet Punch|p2b: Haxorus\n|-supereffective|p2b: Haxorus\n|-crit|p2b: Haxorus\n|-damage|p2b: Haxorus|0 fnt\n|faint|p2b: Haxorus\n|move|p2a: Murkrow|Foul Play|p1a: Palafin\n|-damage|p1a: Palafin|40\/100\n|\n|upkeep\n|\n|t:|1683255941\n|switch|p2b: Chi-Yu|Chi-Yu, L50|100\/100\n|-ability|p2b: Chi-Yu|Beads of Ruin\n|turn|10\n|\n|t:|1683255951\n|move|p1a: Palafin|Protect|p1a: Palafin\n|-singleturn|p1a: Palafin|Protect\n|move|p2b: Chi-Yu|Dark Pulse|p1a: Palafin\n|-activate|p1a: Palafin|move: Protect\n|move|p2a: Murkrow|Foul Play|p1a: Palafin\n|-activate|p1a: Palafin|move: Protect\n|\n|-sideend|p2: Bout It 27|move: Tailwind\n|upkeep\n|turn|11\n|\n|t:|1683255965\n|move|p2b: Chi-Yu|Dark Pulse|p1a: Palafin\n|-damage|p1a: Palafin|0 fnt\n|faint|p1a: Palafin\n|\n|win|Bout It 27\n|raw|zumjpg's rating: 1215 → 1200<\/strong> (-15 for losing)\n|raw|Bout It 27's rating: 1361 → 1373<\/strong> (+12 for winning)\n|l|\u2606zumjpg\n","uploadtime":1683255981,"views":11,"p1id":"zumjpg","p2id":"boutit27","formatid":"gen9vgc2023regulationc","rating":1200,"private":0,"password":""}