{"id":"gen9vgc2023regulationc-1849127706","p1":"kekLorekek","p2":"lesleychow307","format":"[Gen 9] VGC 2023 Regulation C","log":"|j|\u2606kekLorekek\n|j|\u2606lesleychow307\n|t:|1682160568\n|gametype|doubles\n|player|p1|kekLorekek|winona|1171\n|player|p2|lesleychow307|1|1219\n|teamsize|p1|6\n|teamsize|p2|6\n|gen|9\n|tier|[Gen 9] VGC 2023 Regulation C\n|rated|\n|rule|Species Clause: Limit one of each Pok\u00e9mon\n|rule|Item Clause: Limit one of each item\n|clearpoke\n|poke|p1|Beartic, L50, M|\n|poke|p1|Kingambit, L50, M|\n|poke|p1|Pelipper, L50, F|\n|poke|p1|Appletun, L50, F|\n|poke|p1|Flamigo, L50, F|\n|poke|p1|Arcanine, L50, M|\n|poke|p2|Ceruledge, L50, F|\n|poke|p2|Amoonguss, L50, M|\n|poke|p2|Sableye, L50, F|\n|poke|p2|Kingambit, L50, M|\n|poke|p2|Flutter Mane, L50|\n|poke|p2|Iron Bundle, L50|\n|teampreview|4\n|\n|t:|1682160617\n|start\n|switch|p1a: Appletun|Appletun, L50, F|100\/100\n|switch|p1b: Flamigo|Flamigo, L50, F|100\/100\n|switch|p2a: Ceruledge|Ceruledge, L50, F, shiny|100\/100\n|switch|p2b: Sableye|Sableye, L50, F|100\/100\n|turn|1\n|inactive|Battle timer is ON: inactive players will automatically lose when time's up. (requested by kekLorekek)\n|\n|t:|1682160634\n|-terastallize|p2a: Ceruledge|Grass\n|move|p2b: Sableye|Reflect|p2b: Sableye\n|-sidestart|p2: lesleychow307|Reflect\n|move|p1b: Flamigo|Close Combat|p2b: Sableye\n|-supereffective|p2b: Sableye\n|-damage|p2b: Sableye|0 fnt\n|-unboost|p1b: Flamigo|def|1\n|-unboost|p1b: Flamigo|spd|1\n|faint|p2b: Sableye\n|move|p2a: Ceruledge|Bulk Up|p2a: Ceruledge\n|-boost|p2a: Ceruledge|atk|1\n|-boost|p2a: Ceruledge|def|1\n|move|p1a: Appletun|Leech Seed|p2a: Ceruledge\n|-immune|p2a: Ceruledge\n|\n|upkeep\n|\n|t:|1682160650\n|switch|p2b: Iron Bundle|Iron Bundle, L50|100\/100\n|-enditem|p2b: Iron Bundle|Booster Energy\n|-activate|p2b: Iron Bundle|ability: Quark Drive|[fromitem]\n|-start|p2b: Iron Bundle|quarkdrivespe\n|turn|2\n|\n|t:|1682160659\n|switch|p1b: Pelipper|Pelipper, L50, F|100\/100\n|-weather|RainDance|[from] ability: Drizzle|[of] p1b: Pelipper\n|move|p2b: Iron Bundle|Icy Wind|p1b: Pelipper|[spread] p1a,p1b\n|-supereffective|p1a: Appletun\n|-damage|p1a: Appletun|62\/100\n|-damage|p1b: Pelipper|58\/100\n|-unboost|p1a: Appletun|spe|1\n|-unboost|p1b: Pelipper|spe|1\n|move|p2a: Ceruledge|Bitter Blade|p1b: Pelipper\n|-resisted|p1b: Pelipper\n|-damage|p1b: Pelipper|31\/100\n|move|p1a: Appletun|Leech Seed|p2b: Iron Bundle\n|-start|p2b: Iron Bundle|move: Leech Seed\n|\n|-weather|RainDance|[upkeep]\n|-heal|p1a: Appletun|68\/100|[from] item: Leftovers\n|-damage|p2b: Iron Bundle|88\/100|[from] Leech Seed|[of] p1a: Appletun\n|-heal|p1a: Appletun|76\/100|[silent]\n|upkeep\n|turn|3\n|inactive|lesleychow307 has 30 seconds left.\n|\n|t:|1682160691\n|-terastallize|p1a: Appletun|Steel\n|move|p2a: Ceruledge|Protect|p2a: Ceruledge\n|-singleturn|p2a: Ceruledge|Protect\n|move|p2b: Iron Bundle|Icy Wind|p1b: Pelipper|[spread] p1a,p1b\n|-resisted|p1a: Appletun\n|-damage|p1a: Appletun|71\/100\n|-damage|p1b: Pelipper|0 fnt\n|-unboost|p1a: Appletun|spe|1\n|faint|p1b: Pelipper\n|move|p1a: Appletun|Apple Acid|p2b: Iron Bundle\n|-supereffective|p2b: Iron Bundle\n|-damage|p2b: Iron Bundle|0 fnt\n|faint|p2b: Iron Bundle\n|-end|p2b: Iron Bundle|Quark Drive|[silent]\n|\n|-weather|RainDance|[upkeep]\n|-heal|p1a: Appletun|77\/100|[from] item: Leftovers\n|upkeep\n|\n|t:|1682160705\n|switch|p2b: Amoonguss|Amoonguss, L50, M, shiny|100\/100\n|switch|p1b: Flamigo|Flamigo, L50, F|100\/100\n|turn|4\n|\n|t:|1682160724\n|move|p1b: Flamigo|Brave Bird|p2b: Amoonguss\n|-supereffective|p2b: Amoonguss\n|-damage|p2b: Amoonguss|35\/100\n|-enditem|p2b: Amoonguss|Sitrus Berry|[eat]\n|-heal|p2b: Amoonguss|60\/100|[from] item: Sitrus Berry\n|-damage|p1b: Flamigo|71\/100|[from] Recoil\n|move|p2a: Ceruledge|Bitter Blade|p1b: Flamigo\n|-damage|p1b: Flamigo|19\/100\n|move|p2b: Amoonguss|Spore|p1a: Appletun\n|-status|p1a: Appletun|slp|[from] move: Spore\n|cant|p1a: Appletun|slp\n|\n|-weather|RainDance|[upkeep]\n|-heal|p1a: Appletun|83\/100 slp|[from] item: Leftovers\n|upkeep\n|turn|5\n|inactive|lesleychow307 has 30 seconds left.\n|\n|t:|1682160749\n|move|p2b: Amoonguss|Rage Powder|p2b: Amoonguss\n|-singleturn|p2b: Amoonguss|move: Rage Powder\n|move|p1b: Flamigo|Brave Bird|p2b: Amoonguss\n|-supereffective|p2b: Amoonguss\n|-damage|p2b: Amoonguss|0 fnt\n|faint|p2b: Amoonguss\n|-damage|p1b: Flamigo|0 fnt|[from] Recoil\n|faint|p1b: Flamigo\n|move|p2a: Ceruledge|Bitter Blade|p1a: Appletun\n|-supereffective|p1a: Appletun\n|-damage|p1a: Appletun|54\/100 slp\n|-curestatus|p1a: Appletun|slp|[msg]\n|move|p1a: Appletun|Apple Acid|p2a: Ceruledge\n|-resisted|p2a: Ceruledge\n|-damage|p2a: Ceruledge|86\/100\n|\n|-weather|RainDance|[upkeep]\n|-heal|p1a: Appletun|60\/100|[from] item: Leftovers\n|upkeep\n|\n|t:|1682160754\n|switch|p1b: Beartic|Beartic, L50, M, shiny|100\/100\n|turn|6\n|\n|t:|1682160782\n|move|p2a: Ceruledge|Protect|p2a: Ceruledge\n|-singleturn|p2a: Ceruledge|Protect\n|move|p1b: Beartic|Icicle Crash|p2a: Ceruledge\n|-activate|p2a: Ceruledge|move: Protect\n|move|p1a: Appletun|Apple Acid|p2a: Ceruledge\n|-activate|p2a: Ceruledge|move: Protect\n|\n|-weather|none\n|-heal|p1a: Appletun|66\/100|[from] item: Leftovers\n|upkeep\n|turn|7\n|\n|t:|1682160792\n|move|p1b: Beartic|Protect|p1b: Beartic\n|-singleturn|p1b: Beartic|Protect\n|move|p2a: Ceruledge|Bitter Blade|p1b: Beartic\n|-activate|p1b: Beartic|move: Protect\n|move|p1a: Appletun|Apple Acid|p2a: Ceruledge\n|-resisted|p2a: Ceruledge\n|-damage|p2a: Ceruledge|72\/100\n|\n|-heal|p1a: Appletun|72\/100|[from] item: Leftovers\n|upkeep\n|turn|8\n|\n|t:|1682160805\n|move|p1b: Beartic|Icicle Crash|p2a: Ceruledge\n|-supereffective|p2a: Ceruledge\n|-damage|p2a: Ceruledge|20\/100\n|move|p2a: Ceruledge|Bitter Blade|p1b: Beartic\n|-supereffective|p1b: Beartic\n|-damage|p1b: Beartic|0 fnt\n|-heal|p2a: Ceruledge|68\/100|[from] drain|[of] p1b: Beartic\n|faint|p1b: Beartic\n|move|p1a: Appletun|Apple Acid|p2a: Ceruledge\n|-resisted|p2a: Ceruledge\n|-damage|p2a: Ceruledge|55\/100\n|\n|-heal|p1a: Appletun|78\/100|[from] item: Leftovers\n|-sideend|p2: lesleychow307|Reflect\n|upkeep\n|turn|9\n|\n|t:|1682160819\n|move|p2a: Ceruledge|Bitter Blade|p1a: Appletun\n|-supereffective|p1a: Appletun\n|-damage|p1a: Appletun|23\/100\n|-heal|p2a: Ceruledge|89\/100|[from] drain|[of] p1a: Appletun\n|move|p1a: Appletun|Apple Acid|p2a: Ceruledge\n|-resisted|p2a: Ceruledge\n|-damage|p2a: Ceruledge|76\/100\n|\n|-heal|p1a: Appletun|29\/100|[from] item: Leftovers\n|upkeep\n|turn|10\n|-message|kekLorekek forfeited.\n|\n|win|lesleychow307\n|raw|kekLorekek's rating: 1171 → 1149<\/strong> (-22 for losing)\n|raw|lesleychow307's rating: 1219 → 1241<\/strong> (+22 for winning)\n|l|\u2606kekLorekek\n","uploadtime":1682160832,"views":15,"p1id":"keklorekek","p2id":"lesleychow307","formatid":"gen9vgc2023regulationc","rating":1149,"private":0,"password":""}