{"id":"gen9vgc2023regulationc-1851687000","p1":"AbsRam","p2":"Salesforce Sans","format":"[Gen 9] VGC 2023 Regulation C","log":"|j|\u2606AbsRam\n|j|\u2606Salesforce Sans\n|t:|1682469962\n|gametype|doubles\n|player|p1|AbsRam|266|1365\n|player|p2|Salesforce Sans|lucas-gen4pt|1444\n|teamsize|p1|6\n|teamsize|p2|6\n|gen|9\n|tier|[Gen 9] VGC 2023 Regulation C\n|rated|\n|rule|Species Clause: Limit one of each Pok\u00e9mon\n|rule|Item Clause: Limit one of each item\n|clearpoke\n|poke|p1|Hatterene, L50, F|\n|poke|p1|Indeedee-F, L50, F|\n|poke|p1|Torkoal, L50, F|\n|poke|p1|Chi-Yu, L50|\n|poke|p1|Flutter Mane, L50|\n|poke|p1|Iron Hands, L50|\n|poke|p2|Ceruledge, L50, M|\n|poke|p2|Azumarill, L50, M|\n|poke|p2|Corviknight, L50, M|\n|poke|p2|Chien-Pao, L50|\n|poke|p2|Amoonguss, L50, M|\n|poke|p2|Iron Hands, L50|\n|teampreview|4\nSalesforce Sans has agreed to open team sheets.\n|inactive|Battle timer is ON: inactive players will automatically lose when time's up. (requested by AbsRam)\n|inactive|Salesforce Sans has 60 seconds left.\n|inactive|Salesforce Sans has 30 seconds left.\n|inactive|Salesforce Sans has 20 seconds left.\n|inactive|Salesforce Sans has 15 seconds left.\n|\n|t:|1682470069\n|start\n|switch|p1a: Indeedee|Indeedee-F, L50, F|100\/100\n|switch|p1b: Hatterene|Hatterene, L50, F|100\/100\n|switch|p2a: Run Around|Chien-Pao, L50|100\/100\n|switch|p2b: Give You Up|Azumarill, L50, M|100\/100\n|-ability|p2a: Run Around|Sword of Ruin\n|-fieldstart|move: Psychic Terrain|[from] ability: Psychic Surge|[of] p1a: Indeedee\n|turn|1\n|inactive|AbsRam has 30 seconds left.\n|\n|t:|1682470096\n|-terastallize|p1b: Hatterene|Water\n|move|p2a: Run Around|Ice Spinner|p1b: Hatterene\n|-resisted|p1b: Hatterene\n|-damage|p1b: Hatterene|71\/100\n|-fieldend|move: Psychic Terrain\n|move|p1a: Indeedee|Skill Swap|p2b: Give You Up\n|-activate|p1a: Indeedee|move: Skill Swap|Huge Power|Psychic Surge|[of] p2b: Give You Up\n|-fieldstart|move: Psychic Terrain|[from] ability: Psychic Surge|[of] p2b: Give You Up\n|move|p2b: Give You Up|Liquidation|p1a: Indeedee\n|-damage|p1a: Indeedee|63\/100\n|move|p1b: Hatterene|Trick Room|p1b: Hatterene\n|-fieldstart|move: Trick Room|[of] p1b: Hatterene\n|\n|upkeep\n|turn|2\n|c|\u2606Salesforce Sans|Wow, that's sick\n|inactive|AbsRam has 30 seconds left.\n|inactive|Salesforce Sans has 30 seconds left.\n|inactive|AbsRam has 20 seconds left.\n|inactive|AbsRam has 15 seconds left.\n|\n|t:|1682470140\n|move|p2b: Give You Up|Protect|p2b: Give You Up\n|-singleturn|p2b: Give You Up|Protect\n|move|p2a: Run Around|Protect|p2a: Run Around\n|-singleturn|p2a: Run Around|Protect\n|move|p1b: Hatterene|Dazzling Gleam|p2a: Run Around|[spread] \n|-activate|p2a: Run Around|move: Protect\n|-activate|p2b: Give You Up|move: Protect\n|move|p1a: Indeedee|Psychic|p2b: Give You Up\n|-activate|p2b: Give You Up|move: Protect\n|\n|upkeep\n|turn|3\n|inactive|AbsRam has 30 seconds left.\n|\n|t:|1682470166\n|move|p1b: Hatterene|Giga Drain|p2b: Give You Up\n|-supereffective|p2b: Give You Up\n|-damage|p2b: Give You Up|25\/100\n|-heal|p1b: Hatterene|100\/100|[from] drain|[of] p2b: Give You Up\n|-enditem|p2b: Give You Up|Sitrus Berry|[eat]\n|-heal|p2b: Give You Up|50\/100|[from] item: Sitrus Berry\n|-damage|p1b: Hatterene|91\/100|[from] item: Life Orb\n|move|p2b: Give You Up|Play Rough|p1b: Hatterene\n|-damage|p1b: Hatterene|45\/100\n|move|p1a: Indeedee|Psychic|p2b: Give You Up\n|-damage|p2b: Give You Up|11\/100\n|move|p2a: Run Around|Ice Spinner|p1a: Indeedee\n|-damage|p1a: Indeedee|16\/100\n|-fieldend|move: Psychic Terrain\n|\n|upkeep\n|turn|4\n|inactive|AbsRam has 30 seconds left.\n|inactive|Salesforce Sans has 30 seconds left.\n|inactive|Salesforce Sans has 20 seconds left.\n|inactive|Salesforce Sans has 15 seconds left.\n|\n|t:|1682470208\n|switch|p2a: Desert You|Amoonguss, L50, M|100\/100\n|move|p2b: Give You Up|Protect|p2b: Give You Up\n|-singleturn|p2b: Give You Up|Protect\n|move|p1b: Hatterene|Trick Room|p1b: Hatterene\n|-fieldend|move: Trick Room\n|move|p1a: Indeedee|Trick Room|p1a: Indeedee\n|-fieldstart|move: Trick Room|[of] p1a: Indeedee\n|\n|upkeep\n|turn|5\n|inactive|Salesforce Sans has 30 seconds left.\n|\n|t:|1682470235\n|move|p2b: Give You Up|Aqua Jet|p1a: Indeedee\n|-damage|p1a: Indeedee|3\/100\n|move|p1b: Hatterene|Dazzling Gleam|p2b: Give You Up|[spread] p2a,p2b\n|-resisted|p2a: Desert You\n|-damage|p2a: Desert You|80\/100\n|-damage|p2b: Give You Up|0 fnt\n|faint|p2b: Give You Up\n|-damage|p1b: Hatterene|35\/100|[from] item: Life Orb\n|move|p2a: Desert You|Giga Drain|p1b: Hatterene\n|-supereffective|p1b: Hatterene\n|-crit|p1b: Hatterene\n|-damage|p1b: Hatterene|0 fnt\n|-heal|p2a: Desert You|94\/100|[from] drain|[of] p1b: Hatterene\n|faint|p1b: Hatterene\n|move|p1a: Indeedee|Skill Swap|p2a: Desert You\n|-activate|p1a: Indeedee|move: Skill Swap|Regenerator|Huge Power|[of] p2a: Desert You\n|\n|upkeep\n|\n|t:|1682470253\n|switch|p1b: Torkoal|Torkoal, L50, F|100\/100\n|switch|p2b: Never_Gonna|Ceruledge, L50, M|100\/100\n|-weather|SunnyDay|[from] ability: Drought|[of] p1b: Torkoal\n|turn|6\n|inactive|Salesforce Sans has 30 seconds left.\n|\n|t:|1682470281\n|-terastallize|p2b: Never_Gonna|Grass\n|move|p1b: Torkoal|Protect|p1b: Torkoal\n|-singleturn|p1b: Torkoal|Protect\n|move|p2a: Desert You|Giga Drain|p1a: Indeedee\n|-damage|p1a: Indeedee|0 fnt\n|-heal|p2a: Desert You|95\/100|[from] drain|[of] p1a: Indeedee\n|faint|p1a: Indeedee\n|move|p2b: Never_Gonna|Swords Dance|p2b: Never_Gonna\n|-boost|p2b: Never_Gonna|atk|2\n|\n|-weather|SunnyDay|[upkeep]\n|upkeep\n|\n|t:|1682470294\n|switch|p1a: Iron Hands|Iron Hands, L50|100\/100\n|turn|7\n|\n|t:|1682470317\n|move|p1b: Torkoal|Flamethrower|p2a: Desert You\n|-supereffective|p2a: Desert You\n|-enditem|p2a: Desert You|Occa Berry|[eat]\n|-enditem|p2a: Desert You|Occa Berry|[weaken]\n|-damage|p2a: Desert You|34\/100\n|move|p2a: Desert You|Spore|p1a: Iron Hands\n|-status|p1a: Iron Hands|slp|[from] move: Spore\n|cant|p1a: Iron Hands|slp\n|move|p2b: Never_Gonna|Bitter Blade|p1a: Iron Hands\n|-damage|p1a: Iron Hands|17\/100 slp\n|\n|-weather|SunnyDay|[upkeep]\n|upkeep\n|turn|8\n|-message|AbsRam forfeited.\n|\n|win|Salesforce Sans\n|raw|AbsRam's rating: 1365 → 1349<\/strong> (-16 for losing)\n|raw|Salesforce Sans's rating: 1444 → 1460<\/strong> (+16 for winning)\n|l|\u2606AbsRam\n","uploadtime":1682470421,"views":9,"p1id":"absram","p2id":"salesforcesans","formatid":"gen9vgc2023regulationc","rating":1349,"private":0,"password":""}