{"id":"gen9vgc2023regulationc-1852546549","p1":"pekrar","p2":"ChiangWu","format":"[Gen 9] VGC 2023 Regulation C","log":"|j|\u2606pekrar\n|j|\u2606ChiangWu\n|t:|1682573657\n|gametype|doubles\n|player|p1|pekrar|266|1383\n|player|p2|ChiangWu|169|1434\n|teamsize|p1|6\n|teamsize|p2|6\n|gen|9\n|tier|[Gen 9] VGC 2023 Regulation C\n|rated|\n|rule|Species Clause: Limit one of each Pok\u00e9mon\n|rule|Item Clause: Limit one of each item\n|clearpoke\n|poke|p1|Glimmora, L50, F|\n|poke|p1|Tyranitar, L50, M|\n|poke|p1|Houndstone, L50, F|\n|poke|p1|Ting-Lu, L50|\n|poke|p1|Annihilape, L50, M|\n|poke|p1|Scizor, L50, M|\n|poke|p2|Dragapult, L50, M|\n|poke|p2|Rotom-Mow, L50|\n|poke|p2|Coalossal, L50, M|\n|poke|p2|Scizor, L50, F|\n|poke|p2|Bruxish, L50, M|\n|poke|p2|Chien-Pao, L50|\n|teampreview|4\n|inactive|Battle timer is ON: inactive players will automatically lose when time's up. (requested by pekrar)\n|\n|t:|1682573689\n|start\n|switch|p1a: Glimmora|Glimmora, L50, F|100\/100\n|switch|p1b: Ting-Lu|Ting-Lu, L50|100\/100\n|switch|p2a: Dragapult|Dragapult, L50, M, shiny|100\/100\n|switch|p2b: Chien-Pao|Chien-Pao, L50|100\/100\n|-ability|p2b: Chien-Pao|Sword of Ruin\n|-ability|p1b: Ting-Lu|Vessel of Ruin\n|turn|1\n|\n|t:|1682573708\n|-terastallize|p2a: Dragapult|Dragon\n|move|p2a: Dragapult|Dragon Darts|p1a: Glimmora\n|-damage|p1a: Glimmora|15\/100\n|-activate|p1a: Glimmora|ability: Toxic Debris\n|-sidestart|p2: ChiangWu|move: Toxic Spikes\n|-anim|p2a: Dragapult|Dragon Darts|p1b: Ting-Lu\n|-damage|p1b: Ting-Lu|67\/100\n|move|p2b: Chien-Pao|Ice Spinner|p1a: Glimmora\n|-damage|p1a: Glimmora|0 fnt\n|-activate|p1a: Glimmora|ability: Toxic Debris\n|-sidestart|p2: ChiangWu|move: Toxic Spikes\n|faint|p1a: Glimmora\n|move|p1b: Ting-Lu|Heavy Slam|p2b: Chien-Pao\n|-supereffective|p2b: Chien-Pao\n|-damage|p2b: Chien-Pao|26\/100\n|\n|upkeep\n|\n|t:|1682573724\n|switch|p1a: Tyranitar|Tyranitar, L50, M|100\/100\n|-weather|Sandstorm|[from] ability: Sand Stream|[of] p1a: Tyranitar\n|turn|2\n|\n|t:|1682573737\n|-terastallize|p1a: Tyranitar|Flying\n|move|p2a: Dragapult|Dragon Darts|p1a: Tyranitar\n|-damage|p1a: Tyranitar|51\/100\n|-anim|p2a: Dragapult|Dragon Darts|p1b: Ting-Lu\n|-damage|p1b: Ting-Lu|30\/100\n|move|p2b: Chien-Pao|Ice Spinner|p1b: Ting-Lu\n|-supereffective|p1b: Ting-Lu\n|-damage|p1b: Ting-Lu|0 fnt\n|faint|p1b: Ting-Lu\n|move|p1a: Tyranitar|Rock Slide|p2b: Chien-Pao|[spread] p2a,p2b\n|-supereffective|p2b: Chien-Pao\n|-damage|p2a: Dragapult|45\/100\n|-damage|p2b: Chien-Pao|0 fnt\n|faint|p2b: Chien-Pao\n|\n|-weather|Sandstorm|[upkeep]\n|-damage|p2a: Dragapult|39\/100|[from] Sandstorm\n|-damage|p1a: Tyranitar|45\/100|[from] Sandstorm\n|upkeep\n|\n|t:|1682573756\n|switch|p2b: Rotom|Rotom-Mow, L50, shiny|100\/100\n|switch|p1b: Houndstone|Houndstone, L50, F|100\/100\n|turn|3\n|\n|t:|1682573770\n|move|p1b: Houndstone|Last Respects|p2a: Dragapult\n|-damage|p2a: Dragapult|0 fnt\n|faint|p2a: Dragapult\n|-damage|p1b: Houndstone|91\/100|[from] item: Life Orb\n|move|p2b: Rotom|Thunderbolt|p1a: Tyranitar\n|-supereffective|p1a: Tyranitar\n|-damage|p1a: Tyranitar|0 fnt\n|faint|p1a: Tyranitar\n|\n|-weather|Sandstorm|[upkeep]\n|-damage|p2b: Rotom|94\/100|[from] Sandstorm\n|upkeep\n|\n|t:|1682573783\n|switch|p2a: Scizor|Scizor, L50, F|100\/100\n|turn|4\n|\n|t:|1682573794\n|move|p2a: Scizor|Bullet Punch|p1b: Houndstone\n|-damage|p1b: Houndstone|50\/100\n|move|p1b: Houndstone|Last Respects|p2b: Rotom\n|-damage|p2b: Rotom|0 fnt\n|faint|p2b: Rotom\n|-damage|p1b: Houndstone|40\/100|[from] item: Life Orb\n|\n|-weather|Sandstorm|[upkeep]\n|upkeep\n|turn|5\n|\n|t:|1682573807\n|move|p2a: Scizor|Bullet Punch|p1b: Houndstone\n|-damage|p1b: Houndstone|0 fnt\n|faint|p1b: Houndstone\n|\n|win|ChiangWu\n|raw|pekrar's rating: 1383 → 1366<\/strong> (-17 for losing)\n|raw|ChiangWu's rating: 1434 → 1451<\/strong> (+17 for winning)\n|l|\u2606pekrar\n","uploadtime":1682573821,"views":16,"p1id":"pekrar","p2id":"chiangwu","formatid":"gen9vgc2023regulationc","rating":1366,"private":0,"password":""}