{"id":"gen9vgc2023regulationc-1862059811","p1":"mortuto uzumaki","p2":"BrianJortVGC","format":"[Gen 9] VGC 2023 Regulation C","log":"|j|\u2606mortuto uzumaki\n|j|\u2606BrianJortVGC\n|t:|1683833007\n|gametype|doubles\n|player|p1|mortuto uzumaki|hilbert-wonderlauncher|\n|player|p2|BrianJortVGC|fennel|\n|teamsize|p1|6\n|teamsize|p2|6\n|gen|9\n|tier|[Gen 9] VGC 2023 Regulation C\n|rule|Species Clause: Limit one of each Pok\u00e9mon\n|rule|Item Clause: Limit one of each item\n|clearpoke\n|poke|p1|Kingambit, L50, F|\n|poke|p1|Dragonite, L50, M|\n|poke|p1|Abomasnow, L50, F|\n|poke|p1|Great Tusk, L50|\n|poke|p1|Iron Bundle, L50|\n|poke|p1|Flutter Mane, L50|\n|poke|p2|Ceruledge, L50, F|\n|poke|p2|Dragonite, L50, F|\n|poke|p2|Ting-Lu, L50|\n|poke|p2|Gastrodon-East, L50, M|\n|poke|p2|Scream Tail, L50|\n|poke|p2|Glimmora, L50, M|\n|teampreview|4\nBrianJortVGC has agreed to open team sheets.\n|c|\u2606mortuto uzumaki|g1\n|c|\u2606BrianJortVGC|G1\nmortuto uzumaki has agreed to open team sheets.\n|l|\u2606BrianJortVGC\n|player|p2|\n|j|\u2606BrianJortVGC\n|player|p2|BrianJortVGC|fennel\n|j| SwampCorner\n|j| MortTTL\n|j| GenericName3333\n|c|\u2606BrianJortVGC|GLHF\n|c|\u2606mortuto uzumaki|u2\n|\n|t:|1683833225\n|start\n|switch|p1a: Abomasnow|Abomasnow, L50, F, shiny|100\/100\n|switch|p1b: Iron Bundle|Iron Bundle, L50|100\/100\n|switch|p2a: In The Meantime|Scream Tail, L50|100\/100\n|switch|p2b: Creep|Glimmora, L50, M|100\/100\n|-weather|Snow|[from] ability: Snow Warning|[of] p1a: Abomasnow\n|-enditem|p2a: In The Meantime|Booster Energy\n|-activate|p2a: In The Meantime|ability: Protosynthesis|[fromitem]\n|-start|p2a: In The Meantime|protosynthesisspe\n|turn|1\n|\n|t:|1683833266\n|-end|p1b: Iron Bundle|Quark Drive|[silent]\n|switch|p1b: Flutter Mane|Flutter Mane, L50|100\/100\n|-enditem|p1b: Flutter Mane|Booster Energy\n|-activate|p1b: Flutter Mane|ability: Protosynthesis|[fromitem]\n|-start|p1b: Flutter Mane|protosynthesisspe\n|move|p2a: In The Meantime|Play Rough|p1a: Abomasnow\n|-damage|p1a: Abomasnow|77\/100\n|move|p2b: Creep|Power Gem|p1a: Abomasnow\n|-supereffective|p1a: Abomasnow\n|-damage|p1a: Abomasnow|0 fnt\n|faint|p1a: Abomasnow\n|\n|-weather|Snow|[upkeep]\n|upkeep\n|\n|t:|1683833289\n|switch|p1a: Iron Bundle|Iron Bundle, L50|100\/100\n|turn|2\n|\n|t:|1683833372\n|move|p2a: In The Meantime|Protect|p2a: In The Meantime\n|-singleturn|p2a: In The Meantime|Protect\n|move|p2b: Creep|Spiky Shield|p2b: Creep\n|-singleturn|p2b: Creep|move: Protect\n|move|p1b: Flutter Mane|Moonblast|p2b: Creep\n|-activate|p2b: Creep|move: Protect\n|move|p1a: Iron Bundle|Blizzard|p2b: Creep|[spread] \n|-activate|p2a: In The Meantime|move: Protect\n|-activate|p2b: Creep|move: Protect\n|\n|-weather|Snow|[upkeep]\n|upkeep\n|turn|3\n|\n|t:|1683833398\n|-end|p1a: Iron Bundle|Quark Drive|[silent]\n|switch|p1a: Dragonite|Dragonite, L50, M|100\/100\n|move|p1b: Flutter Mane|Shadow Ball|p2a: In The Meantime\n|-supereffective|p2a: In The Meantime\n|-damage|p2a: In The Meantime|43\/100\n|move|p2a: In The Meantime|Disable||[still]\n|-fail|p2a: In The Meantime\n|move|p2b: Creep|Mortal Spin|p1a: Dragonite|[spread] p1a,p1b\n|-damage|p1a: Dragonite|98\/100\n|-damage|p1b: Flutter Mane|92\/100\n|-status|p1a: Dragonite|psn\n|-status|p1b: Flutter Mane|psn\n|\n|-weather|Snow|[upkeep]\n|-damage|p1b: Flutter Mane|80\/100 psn|[from] psn\n|-damage|p1a: Dragonite|86\/100 psn|[from] psn\n|upkeep\n|turn|4\n|j| scotty1vgc\n|\n|t:|1683833472\n|-terastallize|p1a: Dragonite|Normal\n|move|p2a: In The Meantime|Protect|p2a: In The Meantime\n|-singleturn|p2a: In The Meantime|Protect\n|move|p1a: Dragonite|Extreme Speed|p2b: Creep\n|-resisted|p2b: Creep\n|-damage|p2b: Creep|61\/100\n|-activate|p2b: Creep|ability: Toxic Debris\n|-sidestart|p1: mortuto uzumaki|move: Toxic Spikes\n|move|p1b: Flutter Mane|Shadow Ball|p2b: Creep\n|-damage|p2b: Creep|7\/100\n|-unboost|p2b: Creep|spd|1\n|move|p2b: Creep|Power Gem|p1b: Flutter Mane\n|-damage|p1b: Flutter Mane|39\/100 psn\n|\n|-weather|Snow|[upkeep]\n|-damage|p1b: Flutter Mane|26\/100 psn|[from] psn\n|-damage|p1a: Dragonite|74\/100 psn|[from] psn\n|upkeep\n|turn|5\n|\n|t:|1683833489\n|-end|p2a: In The Meantime|Protosynthesis|[silent]\n|switch|p2a: NoSleepTillBroklyn|Ceruledge, L50, F|100\/100\n|move|p1a: Dragonite|Extreme Speed|p2a: NoSleepTillBroklyn\n|-immune|p2a: NoSleepTillBroklyn\n|move|p1b: Flutter Mane|Shadow Ball|p2a: NoSleepTillBroklyn\n|-supereffective|p2a: NoSleepTillBroklyn\n|-damage|p2a: NoSleepTillBroklyn|50\/100\n|-unboost|p2a: NoSleepTillBroklyn|spd|1\n|move|p2b: Creep|Power Gem|p1b: Flutter Mane\n|-damage|p1b: Flutter Mane|0 fnt\n|faint|p1b: Flutter Mane\n|-end|p1b: Flutter Mane|Protosynthesis|[silent]\n|\n|-weather|none\n|-damage|p1a: Dragonite|62\/100 psn|[from] psn\n|upkeep\n|\n|t:|1683833507\n|switch|p1b: Iron Bundle|Iron Bundle, L50|100\/100\n|-status|p1b: Iron Bundle|psn\n|turn|6\n|\n|t:|1683833575\n|switch|p2a: In The Meantime|Scream Tail, L50|43\/100\n|move|p2b: Creep|Spiky Shield|p2b: Creep\n|-singleturn|p2b: Creep|move: Protect\n|move|p1a: Dragonite|Extreme Speed|p2b: Creep\n|-activate|p2b: Creep|move: Protect\n|-damage|p1a: Dragonite|50\/100 psn|[from] Spiky Shield|[of] p2b: Creep\n|move|p1b: Iron Bundle|Freeze-Dry|p2a: In The Meantime\n|-damage|p2a: In The Meantime|6\/100\n|\n|-damage|p1b: Iron Bundle|88\/100 psn|[from] psn\n|-damage|p1a: Dragonite|38\/100 psn|[from] psn\n|upkeep\n|turn|7\n|\n|t:|1683833594\n|move|p2b: Creep|Spiky Shield||[still]\n|-fail|p2b: Creep\n|move|p1a: Dragonite|Extreme Speed|p2a: In The Meantime\n|-damage|p2a: In The Meantime|0 fnt\n|faint|p2a: In The Meantime\n|-end|p2a: In The Meantime|Protosynthesis|[silent]\n|move|p1b: Iron Bundle|Freeze-Dry|p2b: Creep\n|-damage|p2b: Creep|0 fnt\n|faint|p2b: Creep\n|\n|-damage|p1b: Iron Bundle|76\/100 psn|[from] psn\n|-damage|p1a: Dragonite|26\/100 psn|[from] psn\n|upkeep\n|\n|t:|1683833596\n|switch|p2a: NoSleepTillBroklyn|Ceruledge, L50, F|50\/100\n|switch|p2b: Dog Days Are Over|Ting-Lu, L50|100\/100\n|-ability|p2b: Dog Days Are Over|Vessel of Ruin\n|turn|8\n|\n|t:|1683833608\n|move|p2b: Dog Days Are Over|Protect|p2b: Dog Days Are Over\n|-singleturn|p2b: Dog Days Are Over|Protect\n|move|p1a: Dragonite|Extreme Speed|p2b: Dog Days Are Over\n|-activate|p2b: Dog Days Are Over|move: Protect\n|move|p1b: Iron Bundle|Freeze-Dry|p2a: NoSleepTillBroklyn\n|-resisted|p2a: NoSleepTillBroklyn\n|-damage|p2a: NoSleepTillBroklyn|36\/100\n|move|p2a: NoSleepTillBroklyn|Bitter Blade|p1b: Iron Bundle\n|-damage|p1b: Iron Bundle|19\/100 psn\n|-heal|p2a: NoSleepTillBroklyn|59\/100|[from] drain|[of] p1b: Iron Bundle\n|\n|-damage|p1b: Iron Bundle|7\/100 psn|[from] psn\n|-damage|p1a: Dragonite|14\/100 psn|[from] psn\n|upkeep\n|turn|9\n|c|\u2606BrianJortVGC|GG\n|\n|t:|1683833623\n|move|p1a: Dragonite|Extreme Speed|p2b: Dog Days Are Over\n|-damage|p2b: Dog Days Are Over|62\/100\n|move|p2a: NoSleepTillBroklyn|Shadow Sneak|p1b: Iron Bundle\n|-damage|p1b: Iron Bundle|0 fnt\n|faint|p1b: Iron Bundle\n|-end|p1b: Iron Bundle|Quark Drive|[silent]\n|move|p2b: Dog Days Are Over|Stomping Tantrum|p1a: Dragonite\n|-damage|p1a: Dragonite|0 fnt\n|faint|p1a: Dragonite\n|\n|win|BrianJortVGC\n|c|\u2606mortuto uzumaki|gg\n|l| scotty1vgc\n|l| GenericName3333\n|l|\u2606BrianJortVGC\n|l| MortTTL\n","uploadtime":1683834559,"views":12,"p1id":"mortutouzumaki","p2id":"brianjortvgc","formatid":"gen9vgc2023regulationc","rating":0,"private":0,"password":""}