{"id":"gen9vgc2023regulationc-1863967446","p1":"Sukiyaki Eater","p2":"Mast3rCruz","format":"[Gen 9] VGC 2023 Regulation C","log":"|j|\u2606Sukiyaki Eater\n|j|\u2606Mast3rCruz\n|t:|1684099152\n|gametype|doubles\n|player|p1|Sukiyaki Eater|2|1065\n|player|p2|Mast3rCruz|dragontamer|1049\n|teamsize|p1|6\n|teamsize|p2|6\n|gen|9\n|tier|[Gen 9] VGC 2023 Regulation C\n|rated|\n|rule|Species Clause: Limit one of each Pok\u00e9mon\n|rule|Item Clause: Limit one of each item\n|clearpoke\n|poke|p1|Muk, L50, F|\n|poke|p1|Garganacl, L50, M|\n|poke|p1|Azumarill, L50, F|\n|poke|p1|Volcarona, L50, M|\n|poke|p1|Gholdengo, L50|\n|poke|p1|Dragonite, L50, M|\n|poke|p2|Amoonguss, L50, F|\n|poke|p2|Armarouge, L50, M|\n|poke|p2|Gyarados, L50, M|\n|poke|p2|Hydreigon, L50, M|\n|poke|p2|Iron Hands, L50|\n|poke|p2|Iron Treads, L50|\n|teampreview|4\n|\n|t:|1684099201\n|start\n|switch|p1a: Muk|Muk, L50, F|100\/100\n|switch|p1b: Dragonite|Dragonite, L50, M|100\/100\n|switch|p2a: Gott Mit Uns|Hydreigon, L50, M|100\/100\n|switch|p2b: IntoTheFire|Armarouge, L50, M|100\/100\n|turn|1\n|\n|t:|1684099233\n|switch|p2a: Bismarck|Gyarados, L50, M|100\/100\n|-ability|p2a: Bismarck|Intimidate|boost\n|-unboost|p1a: Muk|atk|1\n|-unboost|p1b: Dragonite|atk|1\n|move|p1b: Dragonite|Ice Spinner|p2a: Bismarck\n|-damage|p2a: Bismarck|75\/100\n|move|p2b: IntoTheFire|Psychic|p1a: Muk\n|-supereffective|p1a: Muk\n|-damage|p1a: Muk|43\/100\n|-unboost|p1a: Muk|spd|1\n|move|p1a: Muk|Minimize|p1a: Muk\n|-boost|p1a: Muk|evasion|2\n|\n|-heal|p1a: Muk|49\/100|[from] item: Leftovers\n|upkeep\n|turn|2\n|\n|t:|1684099284\n|switch|p1b: Gholdengo|Gholdengo, L50|100\/100\n|move|p1a: Muk|Protect|p1a: Muk\n|-singleturn|p1a: Muk|Protect\n|move|p2a: Bismarck|Waterfall|p1a: Muk\n|-activate|p1a: Muk|move: Protect\n|move|p2b: IntoTheFire|Trick Room|p2b: IntoTheFire\n|-fieldstart|move: Trick Room|[of] p2b: IntoTheFire\n|\n|-heal|p1a: Muk|55\/100|[from] item: Leftovers\n|upkeep\n|turn|3\n|\n|t:|1684099313\n|move|p1a: Muk|Minimize|p1a: Muk\n|-boost|p1a: Muk|evasion|2\n|move|p2b: IntoTheFire|Armor Cannon|p1b: Gholdengo\n|-supereffective|p1b: Gholdengo\n|-damage|p1b: Gholdengo|0 fnt\n|-unboost|p2b: IntoTheFire|def|1\n|-unboost|p2b: IntoTheFire|spd|1\n|faint|p1b: Gholdengo\n|move|p2a: Bismarck|Waterfall|p1a: Muk|[miss]\n|-miss|p2a: Bismarck|p1a: Muk\n|\n|-heal|p1a: Muk|61\/100|[from] item: Leftovers\n|upkeep\n|\n|t:|1684099327\n|switch|p1b: Dragonite|Dragonite, L50, M|100\/100\n|turn|4\n|\n|t:|1684099344\n|move|p1a: Muk|Protect|p1a: Muk\n|-singleturn|p1a: Muk|Protect\n|move|p1b: Dragonite|Extreme Speed|p2b: IntoTheFire\n|-damage|p2b: IntoTheFire|58\/100\n|move|p2b: IntoTheFire|Psychic|p1a: Muk\n|-activate|p1a: Muk|move: Protect\n|move|p2a: Bismarck|Waterfall|p1a: Muk\n|-activate|p1a: Muk|move: Protect\n|\n|-heal|p1a: Muk|67\/100|[from] item: Leftovers\n|upkeep\n|turn|5\n|\n|t:|1684099371\n|-terastallize|p1a: Muk|Water\n|-terastallize|p2a: Bismarck|Flying\n|move|p1b: Dragonite|Extreme Speed|p2a: Bismarck\n|-damage|p2a: Bismarck|39\/100\n|move|p1a: Muk|Toxic|p2a: Bismarck\n|-status|p2a: Bismarck|tox\n|-enditem|p2a: Bismarck|Lum Berry|[eat]\n|-curestatus|p2a: Bismarck|tox|[msg]\n|move|p2b: IntoTheFire|Psychic|p1b: Dragonite\n|-damage|p1b: Dragonite|81\/100\n|move|p2a: Bismarck|Tera Blast|p1b: Dragonite\n|-damage|p1b: Dragonite|29\/100\n|\n|-heal|p1a: Muk|74\/100|[from] item: Leftovers\n|upkeep\n|turn|6\n|\n|t:|1684099407\n|move|p1b: Dragonite|Extreme Speed|p2a: Bismarck\n|-damage|p2a: Bismarck|2\/100\n|move|p1a: Muk|Minimize|p1a: Muk\n|-boost|p1a: Muk|evasion|2\n|move|p2b: IntoTheFire|Energy Ball|p1a: Muk\n|-supereffective|p1a: Muk\n|-damage|p1a: Muk|17\/100\n|move|p2a: Bismarck|Dragon Dance|p2a: Bismarck\n|-boost|p2a: Bismarck|atk|1\n|-boost|p2a: Bismarck|spe|1\n|\n|-heal|p1a: Muk|23\/100|[from] item: Leftovers\n|-fieldend|move: Trick Room\n|upkeep\n|turn|7\n|\n|t:|1684099426\n|move|p2a: Bismarck|Protect|p2a: Bismarck\n|-singleturn|p2a: Bismarck|Protect\n|move|p1a: Muk|Protect|p1a: Muk\n|-singleturn|p1a: Muk|Protect\n|move|p1b: Dragonite|Extreme Speed|p2a: Bismarck\n|-activate|p2a: Bismarck|move: Protect\n|move|p2b: IntoTheFire|Psychic|p1b: Dragonite\n|-damage|p1b: Dragonite|0 fnt\n|faint|p1b: Dragonite\n|\n|-heal|p1a: Muk|29\/100|[from] item: Leftovers\n|upkeep\n|\n|t:|1684099429\n|switch|p1b: Garganacl|Garganacl, L50, M|100\/100\n|turn|8\n|\n|t:|1684099449\n|move|p1b: Garganacl|Protect|p1b: Garganacl\n|-singleturn|p1b: Garganacl|Protect\n|move|p2a: Bismarck|Waterfall|p1b: Garganacl\n|-activate|p1b: Garganacl|move: Protect\n|move|p2b: IntoTheFire|Energy Ball|p1b: Garganacl\n|-activate|p1b: Garganacl|move: Protect\n|move|p1a: Muk|Drain Punch|p2a: Bismarck\n|-resisted|p2a: Bismarck\n|-damage|p2a: Bismarck|0 fnt\n|-heal|p1a: Muk|30\/100|[from] drain|[of] p2a: Bismarck\n|faint|p2a: Bismarck\n|\n|-heal|p1a: Muk|36\/100|[from] item: Leftovers\n|upkeep\n|\n|t:|1684099470\n|switch|p2a: Midway|Amoonguss, L50, F|100\/100\n|turn|9\n|\n|t:|1684099478\n|move|p2b: IntoTheFire|Energy Ball|p1a: Muk|[miss]\n|-miss|p2b: IntoTheFire|p1a: Muk\n|move|p1a: Muk|Toxic|p2b: IntoTheFire\n|-status|p2b: IntoTheFire|tox\n|move|p1b: Garganacl|Salt Cure|p2a: Midway\n|-damage|p2a: Midway|89\/100\n|-start|p2a: Midway|Salt Cure\n|move|p2a: Midway|Spore|p1b: Garganacl\n|-immune|p1b: Garganacl|[from] ability: Purifying Salt\n|\n|-heal|p1a: Muk|42\/100|[from] item: Leftovers\n|-damage|p2b: IntoTheFire|52\/100 tox|[from] psn\n|-damage|p2a: Midway|77\/100|[from] Salt Cure\n|upkeep\n|turn|10\n|\n|t:|1684099525\n|move|p1a: Muk|Protect|p1a: Muk\n|-singleturn|p1a: Muk|Protect\n|move|p2a: Midway|Rage Powder|p2a: Midway\n|-singleturn|p2a: Midway|move: Rage Powder\n|move|p2b: IntoTheFire|Energy Ball|p1b: Garganacl\n|-supereffective|p1b: Garganacl\n|-damage|p1b: Garganacl|52\/100\n|move|p1b: Garganacl|Salt Cure|p2a: Midway\n|-damage|p2a: Midway|66\/100\n|\n|-heal|p1a: Muk|49\/100|[from] item: Leftovers\n|-damage|p2b: IntoTheFire|40\/100 tox|[from] psn\n|-damage|p2a: Midway|54\/100|[from] Salt Cure\n|upkeep\n|turn|11\n|\n|t:|1684099542\n|move|p1b: Garganacl|Protect|p1b: Garganacl\n|-singleturn|p1b: Garganacl|Protect\n|move|p2a: Midway|Rage Powder|p2a: Midway\n|-singleturn|p2a: Midway|move: Rage Powder\n|move|p2b: IntoTheFire|Psychic|p1a: Muk|[miss]\n|-miss|p2b: IntoTheFire|p1a: Muk\n|move|p1a: Muk|Drain Punch|p2a: Midway\n|-resisted|p2a: Midway\n|-damage|p2a: Midway|49\/100\n|-heal|p1a: Muk|51\/100|[from] drain|[of] p2a: Midway\n|-enditem|p2a: Midway|Sitrus Berry|[eat]\n|-heal|p2a: Midway|74\/100|[from] item: Sitrus Berry\n|\n|-heal|p1a: Muk|57\/100|[from] item: Leftovers\n|-damage|p2b: IntoTheFire|23\/100 tox|[from] psn\n|-damage|p2a: Midway|62\/100|[from] Salt Cure\n|upkeep\n|turn|12\n|\n|t:|1684099565\n|move|p1a: Muk|Protect|p1a: Muk\n|-singleturn|p1a: Muk|Protect\n|move|p2b: IntoTheFire|Energy Ball|p1b: Garganacl\n|-supereffective|p1b: Garganacl\n|-damage|p1b: Garganacl|11\/100\n|-enditem|p1b: Garganacl|Sitrus Berry|[eat]\n|-heal|p1b: Garganacl|35\/100|[from] item: Sitrus Berry\n|move|p1b: Garganacl|Recover|p1b: Garganacl\n|-heal|p1b: Garganacl|86\/100\n|move|p2a: Midway|Pollen Puff|p2b: IntoTheFire\n|-heal|p2b: IntoTheFire|73\/100 tox\n|\n|-heal|p1a: Muk|63\/100|[from] item: Leftovers\n|-damage|p2b: IntoTheFire|50\/100 tox|[from] psn\n|-damage|p2a: Midway|49\/100|[from] Salt Cure\n|upkeep\n|turn|13\n|\n|t:|1684099601\n|switch|p2a: Gott Mit Uns|Hydreigon, L50, M|100\/100\n|move|p2b: IntoTheFire|Energy Ball|p1b: Garganacl\n|-supereffective|p1b: Garganacl\n|-damage|p1b: Garganacl|38\/100\n|move|p1a: Muk|Drain Punch|p2b: IntoTheFire\n|-resisted|p2b: IntoTheFire\n|-damage|p2b: IntoTheFire|41\/100 tox\n|-heal|p1a: Muk|67\/100|[from] drain|[of] p2b: IntoTheFire\n|move|p1b: Garganacl|Salt Cure|p2b: IntoTheFire\n|-supereffective|p2b: IntoTheFire\n|-damage|p2b: IntoTheFire|0 fnt\n|faint|p2b: IntoTheFire\n|\n|-heal|p1a: Muk|74\/100|[from] item: Leftovers\n|upkeep\n|\n|t:|1684099619\n|switch|p2b: Midway|Amoonguss, L50, F|82\/100\n|turn|14\n|\n|t:|1684099629\n|move|p1b: Garganacl|Protect|p1b: Garganacl\n|-singleturn|p1b: Garganacl|Protect\n|move|p2b: Midway|Rage Powder|p2b: Midway\n|-singleturn|p2b: Midway|move: Rage Powder\n|move|p2a: Gott Mit Uns|Draco Meteor|p1b: Garganacl\n|-activate|p1b: Garganacl|move: Protect\n|move|p1a: Muk|Toxic|p2b: Midway\n|-immune|p2b: Midway\n|\n|-heal|p1a: Muk|80\/100|[from] item: Leftovers\n|upkeep\n|turn|15\n|\n|t:|1684099647\n|move|p2b: Midway|Rage Powder|p2b: Midway\n|-singleturn|p2b: Midway|move: Rage Powder\n|move|p2a: Gott Mit Uns|Draco Meteor|p1b: Garganacl\n|-damage|p1b: Garganacl|0 fnt\n|-unboost|p2a: Gott Mit Uns|spa|2\n|faint|p1b: Garganacl\n|move|p1a: Muk|Toxic|p2b: Midway\n|-immune|p2b: Midway\n|\n|-heal|p1a: Muk|86\/100|[from] item: Leftovers\n|upkeep\n|turn|16\n|-message|Sukiyaki Eater forfeited.\n|\n|win|Mast3rCruz\n|raw|Sukiyaki Eater's rating: 1065 → 1044<\/strong> (-21 for losing)\n|raw|Mast3rCruz's rating: 1049 → 1083<\/strong> (+34 for winning)\n","uploadtime":1684099663,"views":6,"p1id":"sukiyakieater","p2id":"mast3rcruz","formatid":"gen9vgc2023regulationc","rating":1044,"private":0,"password":""}