{"id":"gen9vgc2023regulationc-1860188146","p1":"megaprawn","p2":"Kb019","format":"[Gen 9] VGC 2023 Regulation C","log":"|j|\u2606megaprawn\n|j|\u2606Kb019\n|t:|1683607001\n|gametype|doubles\n|player|p1|megaprawn|skierf-gen4dp|1441\n|player|p2|Kb019|101|1562\n|teamsize|p1|6\n|teamsize|p2|6\n|gen|9\n|tier|[Gen 9] VGC 2023 Regulation C\n|rated|\n|rule|Species Clause: Limit one of each Pok\u00e9mon\n|rule|Item Clause: Limit one of each item\n|clearpoke\n|poke|p1|Jumpluff, L50, F|\n|poke|p1|Torkoal, L50, F|\n|poke|p1|Flutter Mane, L50|\n|poke|p1|Iron Hands, L50|\n|poke|p1|Great Tusk, L50|\n|poke|p1|Indeedee-F, L50, F|\n|poke|p2|Chien-Pao, L50|\n|poke|p2|Scizor, L50, F|\n|poke|p2|Maushold, L50|\n|poke|p2|Corviknight, L50, F|\n|poke|p2|Dragonite, L50, F|\n|poke|p2|Ting-Lu, L50|\n|teampreview|4\nmegaprawn has agreed to open team sheets.\n|inactive|Battle timer is ON: inactive players will automatically lose when time's up. (requested by megaprawn)\n|inactive|Kb019 has 60 seconds left.\n|\n|t:|1683607135\n|start\n|switch|p1a: Great Tusk|Great Tusk, L50|100\/100\n|switch|p1b: Torkoal|Torkoal, L50, F|100\/100\n|switch|p2a: Dragonite|Dragonite, L50, F|100\/100\n|switch|p2b: Ting-Lu|Ting-Lu, L50|100\/100\n|-ability|p2b: Ting-Lu|Vessel of Ruin\n|-weather|SunnyDay|[from] ability: Drought|[of] p1b: Torkoal\n|-activate|p1a: Great Tusk|ability: Protosynthesis\n|-start|p1a: Great Tusk|protosynthesisatk\n|turn|1\n|inactive|megaprawn has 30 seconds left.\n|inactive|Kb019 has 30 seconds left.\n|inactive|megaprawn has 20 seconds left.\n|inactive|megaprawn has 15 seconds left.\n|inactive|megaprawn has 10 seconds left.\n|\n|t:|1683607185\n|move|p2a: Dragonite|Extreme Speed|p1a: Great Tusk\n|-damage|p1a: Great Tusk|64\/100\n|move|p1a: Great Tusk|Close Combat|p2b: Ting-Lu\n|-supereffective|p2b: Ting-Lu\n|-damage|p2b: Ting-Lu|4\/100\n|-unboost|p1a: Great Tusk|def|1\n|-unboost|p1a: Great Tusk|spd|1\n|move|p2b: Ting-Lu|Earthquake|p1a: Great Tusk|[spread] p1a,p1b\n|-immune|p2a: Dragonite\n|-supereffective|p1b: Torkoal\n|-damage|p1a: Great Tusk|28\/100\n|-damage|p1b: Torkoal|55\/100\n|move|p1b: Torkoal|Overheat|p2a: Dragonite|[miss]\n|-miss|p1b: Torkoal|p2a: Dragonite\n|\n|-weather|SunnyDay|[upkeep]\n|upkeep\n|turn|2\n|inactive|megaprawn has 30 seconds left.\n|\n|t:|1683607210\n|move|p1b: Torkoal|Protect|p1b: Torkoal\n|-singleturn|p1b: Torkoal|Protect\n|move|p2a: Dragonite|Extreme Speed|p1a: Great Tusk\n|-damage|p1a: Great Tusk|0 fnt\n|faint|p1a: Great Tusk\n|-end|p1a: Great Tusk|Protosynthesis|[silent]\n|move|p2b: Ting-Lu|Earthquake|p1b: Torkoal|[spread] \n|-activate|p1b: Torkoal|move: Protect\n|-immune|p2a: Dragonite\n|\n|-weather|SunnyDay|[upkeep]\n|upkeep\n|\n|t:|1683607227\n|switch|p1a: Flutter Mane|Flutter Mane, L50|100\/100\n|-activate|p1a: Flutter Mane|ability: Protosynthesis\n|-start|p1a: Flutter Mane|protosynthesisspa\n|turn|3\n|inactive|Kb019 has 30 seconds left.\n|\n|t:|1683607256\n|-terastallize|p2a: Dragonite|Fire\n|move|p1b: Torkoal|Helping Hand|p1a: Flutter Mane\n|-singleturn|p1a: Flutter Mane|Helping Hand|[of] p1b: Torkoal\n|move|p2a: Dragonite|Extreme Speed|p1b: Torkoal\n|-damage|p1b: Torkoal|21\/100\n|move|p1a: Flutter Mane|Dazzling Gleam|p2b: Ting-Lu|[spread] p2a,p2b\n|-resisted|p2a: Dragonite\n|-supereffective|p2b: Ting-Lu\n|-damage|p2a: Dragonite|70\/100\n|-damage|p2b: Ting-Lu|0 fnt\n|faint|p2b: Ting-Lu\n|\n|-weather|SunnyDay|[upkeep]\n|upkeep\n|\n|t:|1683607268\n|switch|p2b: Corviknight|Corviknight, L50, F|100\/100\n|-ability|p2b: Corviknight|Unnerve\n|turn|4\n|inactive|megaprawn has 30 seconds left.\n|inactive|megaprawn has 20 seconds left.\n|\n|t:|1683607304\n|-end|p1a: Flutter Mane|Protosynthesis|[silent]\n|switch|p1a: Jumpluff|Jumpluff, L50, F, shiny|100\/100\n|move|p1b: Torkoal|Protect|p1b: Torkoal\n|-singleturn|p1b: Torkoal|Protect\n|move|p2a: Dragonite|Extreme Speed|p1b: Torkoal\n|-activate|p1b: Torkoal|move: Protect\n|move|p2b: Corviknight|Brave Bird|p1a: Jumpluff\n|-supereffective|p1a: Jumpluff\n|-damage|p1a: Jumpluff|13\/100\n|-damage|p2b: Corviknight|79\/100|[from] Recoil\n|\n|-weather|SunnyDay|[upkeep]\n|upkeep\n|turn|5\n|inactive|megaprawn has 30 seconds left.\n|\n|t:|1683607330\n|-terastallize|p1a: Jumpluff|Ghost\n|move|p2a: Dragonite|Extreme Speed|p1a: Jumpluff\n|-immune|p1a: Jumpluff\n|move|p1a: Jumpluff|Sleep Powder|p2b: Corviknight\n|-status|p2b: Corviknight|slp|[from] move: Sleep Powder\n|cant|p2b: Corviknight|slp\n|move|p1b: Torkoal|Overheat|p2b: Corviknight\n|-supereffective|p2b: Corviknight\n|-damage|p2b: Corviknight|0 fnt\n|-unboost|p1b: Torkoal|spa|2\n|-enditem|p1b: Torkoal|Eject Pack\n|faint|p2b: Corviknight\n|\n|t:|1683607343\n|switch|p1b: Flutter Mane|Flutter Mane, L50|100\/100\n|-activate|p1b: Flutter Mane|ability: Protosynthesis\n|-start|p1b: Flutter Mane|protosynthesisspa\n|\n|-weather|none\n|-end|p1b: Flutter Mane|Protosynthesis\n|upkeep\n|\n|t:|1683607350\n|switch|p2b: Maushold|Maushold, L50|100\/100\n|turn|6\n|\n|t:|1683607369\n|move|p1a: Jumpluff|Rage Powder|p1a: Jumpluff\n|-singleturn|p1a: Jumpluff|move: Rage Powder\n|move|p2a: Dragonite|Extreme Speed|p1a: Jumpluff\n|-immune|p1a: Jumpluff\n|move|p1b: Flutter Mane|Moonblast|p2b: Maushold\n|-damage|p2b: Maushold|0 fnt\n|faint|p2b: Maushold\n|\n|upkeep\n|turn|7\n|-message|Kb019 forfeited.\n|\n|win|megaprawn\n|raw|megaprawn's rating: 1441 → 1468<\/strong> (+27 for winning)\n|raw|Kb019's rating: 1562 → 1535<\/strong> (-27 for losing)\n|l|\u2606Kb019\n","uploadtime":1683607390,"views":14,"p1id":"megaprawn","p2id":"kb019","formatid":"gen9vgc2023regulationc","rating":1468,"private":0,"password":""}