{"id":"gen9vgc2023regulationc-1858420089","p1":"carlospe1205","p2":"Reky66","format":"[Gen 9] VGC 2023 Regulation C","log":"|j|\u2606carlospe1205\n|j|\u2606Reky66\n|t:|1683310621\n|gametype|doubles\n|player|p1|carlospe1205|bugsy|1135\n|player|p2|Reky66|swimmer-gen4|1167\n|teamsize|p1|6\n|teamsize|p2|6\n|gen|9\n|tier|[Gen 9] VGC 2023 Regulation C\n|rated|\n|rule|Species Clause: Limit one of each Pok\u00e9mon\n|rule|Item Clause: Limit one of each item\n|clearpoke\n|poke|p1|Baxcalibur, L50, F|\n|poke|p1|Talonflame, L50, F|\n|poke|p1|Amoonguss, L50, F|\n|poke|p1|Grimmsnarl, L50, M|\n|poke|p1|Flutter Mane, L50|\n|poke|p1|Chi-Yu, L50|\n|poke|p2|Kingambit, L50, M|\n|poke|p2|Chien-Pao, L50|\n|poke|p2|Flutter Mane, L50|\n|poke|p2|Arcanine, L50, F|\n|poke|p2|Ting-Lu, L50|\n|poke|p2|Gastrodon-East, L50, F|\n|teampreview|4\n|inactive|Battle timer is ON: inactive players will automatically lose when time's up. (requested by Reky66)\n|\n|t:|1683310650\n|start\n|switch|p1a: Krompus|Grimmsnarl, L50, M|100\/100\n|switch|p1b: Lourdes|Talonflame, L50, F|100\/100\n|switch|p2a: Arcanine|Arcanine, L50, F|100\/100\n|switch|p2b: Chien-Pao|Chien-Pao, L50|100\/100\n|-ability|p2b: Chien-Pao|Sword of Ruin\n|-ability|p2a: Arcanine|Intimidate|boost\n|-unboost|p1a: Krompus|atk|1\n|-unboost|p1b: Lourdes|atk|1\n|turn|1\n|inactive|Reky66 has 30 seconds left.\n|inactive|Reky66 has 20 seconds left.\n|inactive|Reky66 has 15 seconds left.\n|inactive|Reky66 has 10 seconds left.\n|\n|t:|1683310696\n|move|p2b: Chien-Pao|Protect|p2b: Chien-Pao\n|-singleturn|p2b: Chien-Pao|Protect\n|move|p1a: Krompus|Fake Out|p2a: Arcanine\n|-damage|p2a: Arcanine|86\/100\n|cant|p2a: Arcanine|flinch\n|move|p1b: Lourdes|Will-O-Wisp|p2b: Chien-Pao\n|-activate|p2b: Chien-Pao|move: Protect\n|\n|upkeep\n|turn|2\n|\n|t:|1683310715\n|switch|p2b: Flutter Mane|Flutter Mane, L50|100\/100\n|-enditem|p2b: Flutter Mane|Booster Energy\n|-activate|p2b: Flutter Mane|ability: Protosynthesis|[fromitem]\n|-start|p2b: Flutter Mane|protosynthesisspe\n|move|p2a: Arcanine|Extreme Speed|p1b: Lourdes\n|-damage|p1b: Lourdes|68\/100\n|move|p1a: Krompus|Reflect|p1a: Krompus\n|-sidestart|p1: carlospe1205|Reflect\n|move|p1b: Lourdes|Will-O-Wisp|p2b: Flutter Mane\n|-status|p2b: Flutter Mane|brn\n|\n|-damage|p2b: Flutter Mane|94\/100 brn|[from] brn\n|upkeep\n|turn|3\n|\n|t:|1683310739\n|move|p2a: Arcanine|Extreme Speed|p1a: Krompus\n|-damage|p1a: Krompus|82\/100\n|move|p1a: Krompus|Light Screen|p1a: Krompus\n|-sidestart|p1: carlospe1205|move: Light Screen\n|move|p2b: Flutter Mane|Dazzling Gleam|p1b: Lourdes|[spread] p1a,p1b\n|-supereffective|p1a: Krompus\n|-resisted|p1b: Lourdes\n|-damage|p1a: Krompus|23\/100\n|-damage|p1b: Lourdes|50\/100\n|move|p1b: Lourdes|Tailwind|p1b: Lourdes\n|-sidestart|p1: carlospe1205|move: Tailwind\n|\n|-damage|p2b: Flutter Mane|88\/100 brn|[from] brn\n|upkeep\n|turn|4\n|inactive|Reky66 has 30 seconds left.\n|\n|t:|1683310766\n|switch|p1b: AMOGUS|Amoonguss, L50, F|100\/100\n|switch|p1a: Spiny|Baxcalibur, L50, F|100\/100\n|move|p2b: Flutter Mane|Shadow Ball|p1b: AMOGUS\n|-damage|p1b: AMOGUS|72\/100\n|move|p2a: Arcanine|Howl|p2a: Arcanine|[spread] p2a,p2b\n|-boost|p2a: Arcanine|atk|1\n|-boost|p2b: Flutter Mane|atk|1\n|\n|-damage|p2b: Flutter Mane|82\/100 brn|[from] brn\n|upkeep\n|turn|5\n|inactive|carlospe1205 has 30 seconds left.\n|\n|t:|1683310794\n|move|p2b: Flutter Mane|Protect|p2b: Flutter Mane\n|-singleturn|p2b: Flutter Mane|Protect\n|move|p1a: Spiny|Glaive Rush|p2a: Arcanine\n|-damage|p2a: Arcanine|14\/100\n|-singlemove|p1a: Spiny|Glaive Rush|[silent]\n|move|p2a: Arcanine|Flare Blitz|p1b: AMOGUS\n|-supereffective|p1b: AMOGUS\n|-damage|p1b: AMOGUS|6\/100\n|-damage|p2a: Arcanine|0 fnt|[from] item: Rocky Helmet|[of] p1b: AMOGUS\n|faint|p2a: Arcanine\n|move|p1b: AMOGUS|Pollen Puff|p1a: Spiny\n|-immune|p1a: Spiny\n|\n|-damage|p2b: Flutter Mane|76\/100 brn|[from] brn\n|upkeep\n|\n|t:|1683310810\n|switch|p2a: Chien-Pao|Chien-Pao, L50|100\/100\n|-ability|p2a: Chien-Pao|Sword of Ruin\n|turn|6\n|\n|t:|1683310819\n|switch|p1b: Lourdes|Talonflame, L50, F|50\/100\n|move|p1a: Spiny|Protect|p1a: Spiny\n|-singleturn|p1a: Spiny|Protect\n|move|p2b: Flutter Mane|Dazzling Gleam|p1a: Spiny|[spread] p1b\n|-activate|p1a: Spiny|move: Protect\n|-resisted|p1b: Lourdes\n|-damage|p1b: Lourdes|35\/100\n|move|p2a: Chien-Pao|Sacred Sword|p1a: Spiny\n|-activate|p1a: Spiny|move: Protect\n|\n|-damage|p2b: Flutter Mane|70\/100 brn|[from] brn\n|-sideend|p1: carlospe1205|move: Tailwind\n|upkeep\n|turn|7\n|inactive|Reky66 has 30 seconds left.\n|inactive|Reky66 has 20 seconds left.\n|inactive|Reky66 has 15 seconds left.\n|\n|t:|1683310860\n|-terastallize|p1a: Spiny|Steel\n|move|p2a: Chien-Pao|Protect|p2a: Chien-Pao\n|-singleturn|p2a: Chien-Pao|Protect\n|move|p2b: Flutter Mane|Dazzling Gleam|p1a: Spiny|[spread] p1a,p1b\n|-resisted|p1a: Spiny\n|-resisted|p1b: Lourdes\n|-damage|p1a: Spiny|89\/100\n|-damage|p1b: Lourdes|18\/100\n|move|p1b: Lourdes|Tailwind|p1b: Lourdes\n|-sidestart|p1: carlospe1205|move: Tailwind\n|move|p1a: Spiny|Iron Head|p2a: Chien-Pao\n|-activate|p2a: Chien-Pao|move: Protect\n|\n|-damage|p2b: Flutter Mane|64\/100 brn|[from] brn\n|upkeep\n|turn|8\n|inactive|Reky66 has 30 seconds left.\n|\n|t:|1683310893\n|switch|p1b: AMOGUS|Amoonguss, L50, F|39\/100\n|move|p1a: Spiny|Iron Head|p2a: Chien-Pao\n|-supereffective|p2a: Chien-Pao\n|-enditem|p2a: Chien-Pao|Focus Sash\n|-damage|p2a: Chien-Pao|1\/100\n|move|p2b: Flutter Mane|Shadow Ball|p1a: Spiny\n|-damage|p1a: Spiny|62\/100\n|-unboost|p1a: Spiny|spd|1\n|move|p2a: Chien-Pao|Ice Spinner|p1b: AMOGUS\n|-supereffective|p1b: AMOGUS\n|-crit|p1b: AMOGUS\n|-damage|p1b: AMOGUS|0 fnt\n|-damage|p2a: Chien-Pao|0 fnt|[from] item: Rocky Helmet|[of] p1b: AMOGUS\n|faint|p1b: AMOGUS\n|faint|p2a: Chien-Pao\n|\n|-damage|p2b: Flutter Mane|58\/100 brn|[from] brn\n|upkeep\n|\n|t:|1683310908\n|switch|p2a: Ting-Lu|Ting-Lu, L50|100\/100\n|switch|p1b: Krompus|Grimmsnarl, L50, M|23\/100\n|-ability|p2a: Ting-Lu|Vessel of Ruin\n|turn|9\n|\n|t:|1683310925\n|-terastallize|p2a: Ting-Lu|Poison\n|move|p1b: Krompus|Fake Out|p2a: Ting-Lu\n|-damage|p2a: Ting-Lu|94\/100\n|move|p1a: Spiny|Iron Head|p2b: Flutter Mane\n|-supereffective|p2b: Flutter Mane\n|-damage|p2b: Flutter Mane|0 fnt\n|faint|p2b: Flutter Mane\n|-end|p2b: Flutter Mane|Protosynthesis|[silent]\n|cant|p2a: Ting-Lu|flinch\n|\n|-sideend|p1: carlospe1205|Reflect\n|upkeep\n|turn|10\n|inactive|Reky66 has 30 seconds left.\n|inactive|Reky66 has 20 seconds left.\n|inactive|Reky66 has 15 seconds left.\n|\n|t:|1683310970\n|switch|p1a: Lourdes|Talonflame, L50, F|18\/100\n|move|p1b: Krompus|Reflect|p1b: Krompus\n|-sidestart|p1: carlospe1205|Reflect\n|move|p2a: Ting-Lu|Heavy Slam|p1a: Lourdes\n|-resisted|p1a: Lourdes\n|-crit|p1a: Lourdes\n|-damage|p1a: Lourdes|0 fnt\n|faint|p1a: Lourdes\n|\n|-sideend|p1: carlospe1205|move: Light Screen\n|-sideend|p1: carlospe1205|move: Tailwind\n|upkeep\n|\n|t:|1683310975\n|switch|p1a: Spiny|Baxcalibur, L50, F, tera:Steel|62\/100\n|turn|11\n|\n|t:|1683310983\n|move|p1a: Spiny|Iron Head|p2a: Ting-Lu\n|-crit|p2a: Ting-Lu\n|-damage|p2a: Ting-Lu|52\/100\n|move|p1b: Krompus|Spirit Break|p2a: Ting-Lu\n|-resisted|p2a: Ting-Lu\n|-damage|p2a: Ting-Lu|41\/100\n|-unboost|p2a: Ting-Lu|spa|1\n|cant|p2a: Ting-Lu|flinch\n|\n|upkeep\n|turn|12\n|\n|t:|1683310995\n|move|p1a: Spiny|Iron Head|p2a: Ting-Lu\n|-damage|p2a: Ting-Lu|15\/100\n|move|p1b: Krompus|Spirit Break|p2a: Ting-Lu\n|-resisted|p2a: Ting-Lu\n|-damage|p2a: Ting-Lu|5\/100\n|-unboost|p2a: Ting-Lu|spa|1\n|move|p2a: Ting-Lu|Heavy Slam|p1a: Spiny\n|-resisted|p1a: Spiny\n|-damage|p1a: Spiny|47\/100\n|\n|upkeep\n|turn|13\n|-message|Reky66 forfeited.\n|\n|win|carlospe1205\n|raw|carlospe1205's rating: 1135 → 1162<\/strong> (+27 for winning)\n|raw|Reky66's rating: 1167 → 1140<\/strong> (-27 for losing)\n|l|\u2606Reky66\n","uploadtime":1683311010,"views":11,"p1id":"carlospe1205","p2id":"reky66","formatid":"gen9vgc2023regulationc","rating":1140,"private":0,"password":""}