{"id":"gen9vgc2023regulationc-1851341675","p1":"nogm","p2":"Ackr0 tu sae","format":"[Gen 9] VGC 2023 Regulation C","log":"|j|\u2606nogm\n|j|\u2606Ackr0 tu sae\n|t:|1682437299\n|gametype|doubles\n|player|p1|nogm|preschooler|1285\n|player|p2|Ackr0 tu sae|jasmine|1259\n|teamsize|p1|6\n|teamsize|p2|6\n|gen|9\n|tier|[Gen 9] VGC 2023 Regulation C\n|rated|\n|rule|Species Clause: Limit one of each Pok\u00e9mon\n|rule|Item Clause: Limit one of each item\n|clearpoke\n|poke|p1|Ceruledge, L50, F|\n|poke|p1|Glimmora, L50, M|\n|poke|p1|Flutter Mane, L50|\n|poke|p1|Maushold, L50|\n|poke|p1|Iron Bundle, L50|\n|poke|p1|Ting-Lu, L50|\n|poke|p2|Murkrow, L50, M|\n|poke|p2|Corviknight, L50, M|\n|poke|p2|Flutter Mane, L50|\n|poke|p2|Great Tusk, L50|\n|poke|p2|Brute Bonnet, L50|\n|poke|p2|Chi-Yu, L50|\n|teampreview|4\n|inactive|Battle timer is ON: inactive players will automatically lose when time's up. (requested by nogm)\n|inactive|Ackr0 tu sae also wants the timer to be on.\nAckr0 tu sae rejected open team sheets.\n|inactive|nogm has 60 seconds left.\n|\n|t:|1682437343\n|start\n|switch|p1a: Glimmora|Glimmora, L50, M|100\/100\n|switch|p1b: Iron Bundle|Iron Bundle, L50|100\/100\n|switch|p2a: Murkrow|Murkrow, L50, M|100\/100\n|switch|p2b: Corviknight|Corviknight, L50, M, shiny|100\/100\n|-enditem|p1b: Iron Bundle|Booster Energy\n|-activate|p1b: Iron Bundle|ability: Quark Drive|[fromitem]\n|-start|p1b: Iron Bundle|quarkdrivespe\n|turn|1\n|\n|t:|1682437366\n|move|p2a: Murkrow|Tailwind|p2a: Murkrow\n|-sidestart|p2: Ackr0 tu sae|move: Tailwind\n|move|p1b: Iron Bundle|Freeze-Dry|p2b: Corviknight\n|-crit|p2b: Corviknight\n|-damage|p2b: Corviknight|49\/100\n|move|p2b: Corviknight|Iron Head|p1a: Glimmora\n|-supereffective|p1a: Glimmora\n|-damage|p1a: Glimmora|0 fnt\n|-activate|p1a: Glimmora|ability: Toxic Debris\n|-sidestart|p2: Ackr0 tu sae|move: Toxic Spikes\n|faint|p1a: Glimmora\n|\n|upkeep\n|\n|t:|1682437379\n|switch|p1a: Ceruledge|Ceruledge, L50, F|100\/100\n|turn|2\n|\n|t:|1682437395\n|-terastallize|p2b: Corviknight|Fire\n|-terastallize|p1a: Ceruledge|Grass\n|move|p1b: Iron Bundle|Freeze-Dry|p2b: Corviknight\n|-resisted|p2b: Corviknight\n|-damage|p2b: Corviknight|33\/100\n|move|p2a: Murkrow|Foul Play|p1a: Ceruledge\n|-damage|p1a: Ceruledge|35\/100\n|move|p2b: Corviknight|Iron Head|p1b: Iron Bundle\n|-damage|p1b: Iron Bundle|38\/100\n|move|p1a: Ceruledge|Bulk Up|p1a: Ceruledge\n|-boost|p1a: Ceruledge|atk|1\n|-boost|p1a: Ceruledge|def|1\n|\n|upkeep\n|turn|3\n|inactive|nogm has 30 seconds left.\n|\n|t:|1682437426\n|move|p1a: Ceruledge|Shadow Sneak|p2b: Corviknight\n|-crit|p2b: Corviknight\n|-damage|p2b: Corviknight|0 fnt\n|faint|p2b: Corviknight\n|move|p1b: Iron Bundle|Freeze-Dry|p2a: Murkrow\n|-supereffective|p2a: Murkrow\n|-damage|p2a: Murkrow|38\/100\n|move|p2a: Murkrow|Foul Play|p1a: Ceruledge\n|-damage|p1a: Ceruledge|0 fnt\n|faint|p1a: Ceruledge\n|\n|upkeep\n|\n|t:|1682437435\n|switch|p1a: Flutter Mane|Flutter Mane, L50|100\/100\n|switch|p2b: Flutter Mane|Flutter Mane, L50|100\/100\n|-status|p2b: Flutter Mane|psn\n|turn|4\n|\n|t:|1682437448\n|move|p1a: Flutter Mane|Protect|p1a: Flutter Mane\n|-singleturn|p1a: Flutter Mane|Protect\n|move|p2b: Flutter Mane|Dazzling Gleam|p1a: Flutter Mane|[spread] p1b\n|-activate|p1a: Flutter Mane|move: Protect\n|-damage|p1b: Iron Bundle|0 fnt\n|faint|p1b: Iron Bundle\n|-end|p1b: Iron Bundle|Quark Drive|[silent]\n|move|p2a: Murkrow|Foul Play|p1a: Flutter Mane\n|-activate|p1a: Flutter Mane|move: Protect\n|\n|-damage|p2b: Flutter Mane|88\/100 psn|[from] psn\n|-sideend|p2: Ackr0 tu sae|move: Tailwind\n|upkeep\n|turn|5\n|\n|t:|1682437462\n|move|p2a: Murkrow|Tailwind|p2a: Murkrow\n|-sidestart|p2: Ackr0 tu sae|move: Tailwind\n|move|p2b: Flutter Mane|Dazzling Gleam|p1a: Flutter Mane\n|-damage|p1a: Flutter Mane|41\/100\n|move|p1a: Flutter Mane|Shadow Ball|p2b: Flutter Mane\n|-supereffective|p2b: Flutter Mane\n|-damage|p2b: Flutter Mane|0 fnt\n|faint|p2b: Flutter Mane\n|-end|p2b: Flutter Mane|Protosynthesis|[silent]\n|\n|-heal|p1a: Flutter Mane|47\/100|[from] item: Leftovers\n|upkeep\n|\n|t:|1682437469\n|switch|p2b: Great Tusk|Great Tusk, L50, shiny|100\/100\n|-status|p2b: Great Tusk|psn\n|turn|6\n|\n|t:|1682437475\n|move|p1a: Flutter Mane|Protect|p1a: Flutter Mane\n|-singleturn|p1a: Flutter Mane|Protect\n|move|p2b: Great Tusk|Headlong Rush|p1a: Flutter Mane\n|-activate|p1a: Flutter Mane|move: Protect\n|move|p2a: Murkrow|Foul Play|p1a: Flutter Mane\n|-activate|p1a: Flutter Mane|move: Protect\n|\n|-heal|p1a: Flutter Mane|53\/100|[from] item: Leftovers\n|-damage|p2b: Great Tusk|88\/100 psn|[from] psn\n|upkeep\n|turn|7\n|\n|t:|1682437486\n|move|p2b: Great Tusk|Headlong Rush|p1a: Flutter Mane\n|-damage|p1a: Flutter Mane|0 fnt\n|-unboost|p2b: Great Tusk|def|1\n|-unboost|p2b: Great Tusk|spd|1\n|faint|p1a: Flutter Mane\n|-end|p1a: Flutter Mane|Protosynthesis|[silent]\n|\n|win|Ackr0 tu sae\n|raw|nogm's rating: 1285 → 1258<\/strong> (-27 for losing)\n|raw|Ackr0 tu sae's rating: 1259 → 1286<\/strong> (+27 for winning)\n|l|\u2606nogm\n","uploadtime":1682437494,"views":12,"p1id":"nogm","p2id":"ackr0tusae","formatid":"gen9vgc2023regulationc","rating":1258,"private":0,"password":""}