{"id":"gen9vgc2023regulationc-1863552216","p1":"FrootLoops007","p2":"bryght","format":"[Gen 9] VGC 2023 Regulation C","log":"|j|\u2606FrootLoops007\n|j|\u2606bryght\n|t:|1684033151\n|gametype|doubles\n|player|p1|FrootLoops007|roughneck-gen4|\n|player|p2|bryght|102|\n|teamsize|p1|6\n|teamsize|p2|6\n|gen|9\n|tier|[Gen 9] VGC 2023 Regulation C\n|rule|Tera Type Preview: Tera Types are shown at Team Preview\n|rule|Species Clause: Limit one of each Pok\u00e9mon\n|rule|Item Clause: Limit one of each item\n|clearpoke\n|poke|p1|Gyarados, L50, M|\n|poke|p1|Hydreigon, L50, M|\n|poke|p1|Murkrow, L50, M|\n|poke|p1|Orthworm, L50, F|\n|poke|p1|Volcarona, L50, M|\n|poke|p1|Dragonite, L50, M|\n|poke|p2|Flutter Mane, L50|\n|poke|p2|Gothitelle, L50, M|\n|poke|p2|Kingambit, L50, F|\n|poke|p2|Rotom-Wash, L50|\n|poke|p2|Salamence, L50, M|\n|poke|p2|Scovillain, L50, F|\n|teampreview|4\n|raw|FrootLoops007's Tera Types: \/ \/ \/ \/ \/ \n|raw|bryght's Tera Types: \/ \/ \/ \/ \/ \n|inactive|Battle timer is ON: inactive players will automatically lose when time's up. (requested by FrootLoops007)\nbryght rejected open team sheets.\n|c|\u2606bryght|g2\n|c|\u2606bryght|timer\n|inactiveoff|Battle timer is now OFF.\n|c|\u2606bryght|glhf\n|\n|t:|1684033893\n|start\n|switch|p1a: Orthworm|Orthworm, L50, F|100\/100\n|switch|p1b: Volcarona|Volcarona, L50, M|100\/100\n|switch|p2a: Flutter Mane|Flutter Mane, L50|100\/100\n|switch|p2b: Kingambit|Kingambit, L50, F|100\/100\n|turn|1\n|inactive|Battle timer is ON: inactive players will automatically lose when time's up. (requested by bryght)\n|\n|t:|1684033969\n|move|p2b: Kingambit|Sucker Punch|p1b: Volcarona\n|-damage|p1b: Volcarona|66\/100\n|move|p2a: Flutter Mane|Shadow Ball|p1b: Volcarona\n|-damage|p1b: Volcarona|24\/100\n|move|p1b: Volcarona|Struggle Bug|p2a: Flutter Mane|[spread] p2a,p2b\n|-resisted|p2a: Flutter Mane\n|-damage|p2a: Flutter Mane|96\/100\n|-damage|p2b: Kingambit|90\/100\n|-unboost|p2a: Flutter Mane|spa|1\n|-unboost|p2b: Kingambit|spa|1\n|-ability|p2b: Kingambit|Defiant|boost\n|-boost|p2b: Kingambit|atk|2\n|move|p1a: Orthworm|Heavy Slam|p2a: Flutter Mane\n|-supereffective|p2a: Flutter Mane\n|-damage|p2a: Flutter Mane|0 fnt\n|faint|p2a: Flutter Mane\n|-end|p2a: Flutter Mane|Protosynthesis|[silent]\n|\n|-heal|p1b: Volcarona|29\/100|[from] item: Leftovers\n|upkeep\n|\n|t:|1684033986\n|switch|p2a: Rotom|Rotom-Wash, L50|100\/100\n|turn|2\n|inactive|bryght has 30 seconds left.\n|\n|t:|1684034015\n|move|p1b: Volcarona|Giga Drain|p2a: Rotom\n|-supereffective|p2a: Rotom\n|-damage|p2a: Rotom|55\/100\n|-heal|p1b: Volcarona|48\/100|[from] drain|[of] p2a: Rotom\n|move|p1a: Orthworm|Body Press|p2b: Kingambit\n|-supereffective|p2b: Kingambit\n|-damage|p2b: Kingambit|9\/100\n|move|p2a: Rotom|Hydro Pump|p1b: Volcarona\n|-supereffective|p1b: Volcarona\n|-damage|p1b: Volcarona|0 fnt\n|faint|p1b: Volcarona\n|move|p2b: Kingambit|Kowtow Cleave|p1a: Orthworm\n|-damage|p1a: Orthworm|29\/100\n|\n|upkeep\n|\n|t:|1684034031\n|switch|p1b: Gyarados|Gyarados, L50, M|100\/100\n|-ability|p1b: Gyarados|Intimidate|boost\n|-unboost|p2a: Rotom|atk|1\n|-unboost|p2b: Kingambit|atk|1\n|-ability|p2b: Kingambit|Defiant|boost\n|-boost|p2b: Kingambit|atk|2\n|turn|3\n|inactive|FrootLoops007 has 30 seconds left.\n|inactive|bryght has 30 seconds left.\n|inactive|FrootLoops007 has 20 seconds left.\n|inactive|FrootLoops007 has 15 seconds left.\n|inactive|FrootLoops007 has 10 seconds left.\n|inactive|FrootLoops007 has 5 seconds left.\n|\n|t:|1684034082\n|switch|p2b: Gothitelle|Gothitelle, L50, M|100\/100\n|-terastallize|p1b: Gyarados|Ground\n|move|p1b: Gyarados|Waterfall|p2b: Gothitelle\n|-damage|p2b: Gothitelle|63\/100\n|move|p1a: Orthworm|Body Press|p2b: Gothitelle\n|-resisted|p2b: Gothitelle\n|-damage|p2b: Gothitelle|51\/100\n|move|p2a: Rotom|Thunderbolt|p1b: Gyarados\n|-immune|p1b: Gyarados\n|\n|upkeep\n|turn|4\n|inactive|FrootLoops007 has 30 seconds left.\n|inactive|bryght has 30 seconds left.\n|inactive|FrootLoops007 has 20 seconds left.\n|inactive|bryght has 20 seconds left.\n|inactive|FrootLoops007 has 15 seconds left.\n|\n|t:|1684034122\n|move|p1b: Gyarados|Protect|p1b: Gyarados\n|-singleturn|p1b: Gyarados|Protect\n|move|p2b: Gothitelle|Fake Out|p1a: Orthworm\n|-resisted|p1a: Orthworm\n|-damage|p1a: Orthworm|27\/100\n|cant|p1a: Orthworm|flinch\n|move|p2a: Rotom|Thunderbolt|p1a: Orthworm\n|-damage|p1a: Orthworm|0 fnt\n|faint|p1a: Orthworm\n|\n|upkeep\n|\n|t:|1684034132\n|switch|p1a: Dragonite|Dragonite, L50, M|100\/100\n|turn|5\n|inactive|bryght has 30 seconds left.\n|inactive|FrootLoops007 has 30 seconds left.\n|inactive|bryght has 20 seconds left.\n|inactive|bryght has 15 seconds left.\n|\n|t:|1684034172\n|switch|p2b: Kingambit|Kingambit, L50, F|9\/100\n|move|p1a: Dragonite|Dragon Dance|p1a: Dragonite\n|-boost|p1a: Dragonite|atk|1\n|-boost|p1a: Dragonite|spe|1\n|move|p1b: Gyarados|Waterfall|p2b: Kingambit\n|-damage|p2b: Kingambit|0 fnt\n|faint|p2b: Kingambit\n|move|p2a: Rotom|Hydro Pump|p1b: Gyarados\n|-supereffective|p1b: Gyarados\n|-damage|p1b: Gyarados|35\/100\n|-enditem|p1b: Gyarados|Sitrus Berry|[eat]\n|-heal|p1b: Gyarados|60\/100|[from] item: Sitrus Berry\n|\n|upkeep\n|\n|t:|1684034183\n|switch|p2b: Gothitelle|Gothitelle, L50, M|51\/100\n|turn|6\n|inactive|FrootLoops007 has 30 seconds left.\n|inactive|FrootLoops007 has 20 seconds left.\n|\n|t:|1684034221\n|move|p2b: Gothitelle|Fake Out|p1a: Dragonite\n|-damage|p1a: Dragonite|97\/100\n|cant|p1a: Dragonite|flinch\n|move|p1b: Gyarados|Waterfall|p2a: Rotom\n|-resisted|p2a: Rotom\n|-damage|p2a: Rotom|37\/100\n|-enditem|p2a: Rotom|Sitrus Berry|[eat]\n|-heal|p2a: Rotom|62\/100|[from] item: Sitrus Berry\n|cant|p2a: Rotom|flinch\n|\n|upkeep\n|turn|7\n|inactive|FrootLoops007 has 30 seconds left.\n|\n|t:|1684034247\n|move|p1b: Gyarados|Protect|p1b: Gyarados\n|-singleturn|p1b: Gyarados|Protect\n|move|p1a: Dragonite|Extreme Speed|p2a: Rotom\n|-damage|p2a: Rotom|16\/100\n|move|p2a: Rotom|Will-O-Wisp|p1a: Dragonite\n|-status|p1a: Dragonite|brn\n|-enditem|p1a: Dragonite|Lum Berry|[eat]\n|-curestatus|p1a: Dragonite|brn|[msg]\n|move|p2b: Gothitelle|Psychic|p1b: Gyarados\n|-activate|p1b: Gyarados|move: Protect\n|\n|upkeep\n|turn|8\n|c|\u2606bryght|gg\n|\n|t:|1684034268\n|move|p2a: Rotom|Protect|p2a: Rotom\n|-singleturn|p2a: Rotom|Protect\n|move|p1a: Dragonite|Extreme Speed|p2a: Rotom\n|-activate|p2a: Rotom|move: Protect\n|move|p1b: Gyarados|Waterfall|p2b: Gothitelle\n|-damage|p2b: Gothitelle|18\/100\n|move|p2b: Gothitelle|Psychic|p1a: Dragonite\n|-damage|p1a: Dragonite|63\/100\n|-unboost|p1a: Dragonite|spd|1\n|\n|upkeep\n|turn|9\n|\n|t:|1684034283\n|move|p1a: Dragonite|Extreme Speed|p2a: Rotom\n|-damage|p2a: Rotom|0 fnt\n|faint|p2a: Rotom\n|move|p1b: Gyarados|Waterfall|p2b: Gothitelle\n|-damage|p2b: Gothitelle|0 fnt\n|faint|p2b: Gothitelle\n|\n|win|FrootLoops007\n|c|\u2606FrootLoops007|Gg\n|l|\u2606FrootLoops007\n","uploadtime":1684034295,"views":23,"p1id":"frootloops007","p2id":"bryght","formatid":"gen9vgc2023regulationc","rating":0,"private":0,"password":""}