{"id":"gen9vgc2023regulationc-1859840647","p1":"Heaven64","p2":"PurpleStyle","format":"[Gen 9] VGC 2023 Regulation C","log":"|j|\u2606Heaven64\n|j|\u2606PurpleStyle\n|t:|1683568941\n|gametype|doubles\n|player|p1|Heaven64|leaf-masters|\n|player|p2|PurpleStyle|pokefan|\n|teamsize|p1|6\n|teamsize|p2|6\n|gen|9\n|tier|[Gen 9] VGC 2023 Regulation C\n|rule|Species Clause: Limit one of each Pok\u00e9mon\n|rule|Item Clause: Limit one of each item\n|clearpoke\n|poke|p1|Iron Jugulis, L50|\n|poke|p1|Klefki, L50, M|\n|poke|p1|Iron Thorns, L50|\n|poke|p1|Pelipper, L50, F|\n|poke|p1|Krookodile, L50, M|\n|poke|p1|Floatzel, L50, F|\n|poke|p2|Hippowdon, L50, F|\n|poke|p2|Houndstone, L50, F|\n|poke|p2|Chi-Yu, L50|\n|poke|p2|Maushold, L50|\n|poke|p2|Salamence, L50, M|\n|poke|p2|Magneton, L50|\n|teampreview|4\nPurpleStyle rejected open team sheets.\n|c|\u2606PurpleStyle|g1\n|c|\u2606PurpleStyle|glhf\n|c|\u2606Heaven64|you too\n|\n|t:|1683569065\n|start\n|switch|p1a: Black Mesa|Iron Jugulis, L50|100\/100\n|switch|p1b: Abstergo|Krookodile, L50, M, shiny|100\/100\n|switch|p2a: Salamence|Salamence, L50, M|100\/100\n|switch|p2b: Houndstone|Houndstone, L50, F|100\/100\n|-ability|p2a: Salamence|Intimidate|boost\n|-unboost|p1a: Black Mesa|atk|1\n|-unboost|p1b: Abstergo|atk|1\n|-ability|p1b: Abstergo|Intimidate|boost\n|-unboost|p2a: Salamence|atk|1\n|-unboost|p2b: Houndstone|atk|1\n|-enditem|p1a: Black Mesa|Booster Energy\n|-activate|p1a: Black Mesa|ability: Quark Drive|[fromitem]\n|-start|p1a: Black Mesa|quarkdrivespe\n|turn|1\n|\n|t:|1683569098\n|switch|p2a: Hippowdon|Hippowdon, L50, F|100\/100\n|-weather|Sandstorm|[from] ability: Sand Stream|[of] p2a: Hippowdon\n|move|p1a: Black Mesa|Tailwind|p1a: Black Mesa\n|-sidestart|p1: Heaven64|move: Tailwind\n|move|p1b: Abstergo|Rock Slide|p2a: Hippowdon|[spread] p2a,p2b\n|-resisted|p2a: Hippowdon\n|-damage|p2a: Hippowdon|94\/100\n|-damage|p2b: Houndstone|82\/100\n|-damage|p1b: Abstergo|91\/100|[from] item: Life Orb\n|move|p2b: Houndstone|Will-O-Wisp|p1b: Abstergo\n|-status|p1b: Abstergo|brn\n|\n|-weather|Sandstorm|[upkeep]\n|-damage|p1a: Black Mesa|95\/100|[from] Sandstorm\n|-heal|p2a: Hippowdon|99\/100|[from] item: Leftovers\n|-damage|p1b: Abstergo|85\/100 brn|[from] brn\n|upkeep\n|turn|2\n|\n|t:|1683569125\n|switch|p1b: Umbrella|Pelipper, L50, F|100\/100\n|-weather|RainDance|[from] ability: Drizzle|[of] p1b: Umbrella\n|switch|p2b: Salamence|Salamence, L50, M|100\/100\n|-ability|p2b: Salamence|Intimidate|boost\n|-unboost|p1a: Black Mesa|atk|1\n|-unboost|p1b: Umbrella|atk|1\n|move|p1a: Black Mesa|Hurricane|p2b: Salamence\n|-damage|p2b: Salamence|33\/100\n|-start|p2b: Salamence|confusion\n|-enditem|p2b: Salamence|Sitrus Berry|[eat]\n|-heal|p2b: Salamence|58\/100|[from] item: Sitrus Berry\n|move|p2a: Hippowdon|Stone Edge|p1a: Black Mesa\n|-supereffective|p1a: Black Mesa\n|-crit|p1a: Black Mesa\n|-damage|p1a: Black Mesa|0 fnt\n|faint|p1a: Black Mesa\n|-end|p1a: Black Mesa|Quark Drive|[silent]\n|\n|-weather|RainDance|[upkeep]\n|-heal|p2a: Hippowdon|100\/100|[from] item: Leftovers\n|upkeep\n|\n|t:|1683569147\n|switch|p1a: Rhine|Floatzel, L50, F|100\/100\n|turn|3\n|\n|t:|1683569170\n|switch|p2a: Chi-Yu|Chi-Yu, L50|100\/100\n|-ability|p2a: Chi-Yu|Beads of Ruin\n|move|p1a: Rhine|Wave Crash|p2a: Chi-Yu\n|-supereffective|p2a: Chi-Yu\n|-damage|p2a: Chi-Yu|0 fnt\n|faint|p2a: Chi-Yu\n|-damage|p1a: Rhine|73\/100|[from] Recoil\n|move|p1b: Umbrella|Hurricane|p2b: Salamence\n|-damage|p2b: Salamence|7\/100\n|-activate|p2b: Salamence|confusion\n|move|p2b: Salamence|Tailwind|p2b: Salamence\n|-sidestart|p2: PurpleStyle|move: Tailwind\n|\n|-weather|RainDance|[upkeep]\n|upkeep\n|\n|t:|1683569183\n|switch|p2a: Hippowdon|Hippowdon, L50, F|100\/100\n|-weather|Sandstorm|[from] ability: Sand Stream|[of] p2a: Hippowdon\n|turn|4\n|\n|t:|1683569237\n|switch|p1b: Abstergo|Krookodile, L50, M, shiny|85\/100 brn\n|-ability|p1b: Abstergo|Intimidate|boost\n|-unboost|p2a: Hippowdon|atk|1\n|-unboost|p2b: Salamence|atk|1\n|-terastallize|p2a: Hippowdon|Water\n|move|p1a: Rhine|Ice Spinner|p2b: Salamence\n|-supereffective|p2b: Salamence\n|-damage|p2b: Salamence|0 fnt\n|faint|p2b: Salamence\n|move|p2a: Hippowdon|Stone Edge|p1b: Abstergo\n|-resisted|p1b: Abstergo\n|-damage|p1b: Abstergo|74\/100 brn\n|\n|-weather|Sandstorm|[upkeep]\n|-damage|p1a: Rhine|67\/100|[from] Sandstorm\n|-damage|p2a: Hippowdon|94\/100|[from] Sandstorm\n|-heal|p2a: Hippowdon|100\/100|[from] item: Leftovers\n|-damage|p1b: Abstergo|68\/100 brn|[from] brn\n|-sideend|p1: Heaven64|move: Tailwind\n|upkeep\n|\n|t:|1683569245\n|switch|p2b: Houndstone|Houndstone, L50, F|82\/100\n|turn|5\n|\n|t:|1683569275\n|move|p1a: Rhine|Protect|p1a: Rhine\n|-singleturn|p1a: Rhine|Protect\n|move|p2b: Houndstone|Will-O-Wisp|p1a: Rhine\n|-activate|p1a: Rhine|move: Protect\n|move|p2a: Hippowdon|Stone Edge|p1a: Rhine\n|-activate|p1a: Rhine|move: Protect\n|move|p1b: Abstergo|Crunch|p2b: Houndstone\n|-supereffective|p2b: Houndstone\n|-damage|p2b: Houndstone|25\/100\n|-damage|p1b: Abstergo|58\/100 brn|[from] item: Life Orb\n|\n|-weather|Sandstorm|[upkeep]\n|-damage|p1a: Rhine|61\/100|[from] Sandstorm\n|-damage|p2a: Hippowdon|94\/100|[from] Sandstorm\n|-heal|p2a: Hippowdon|100\/100|[from] item: Leftovers\n|-damage|p1b: Abstergo|52\/100 brn|[from] brn\n|upkeep\n|turn|6\n|\n|t:|1683569303\n|switch|p1a: Umbrella|Pelipper, L50, F|100\/100\n|-weather|RainDance|[from] ability: Drizzle|[of] p1a: Umbrella\n|move|p1b: Abstergo|Protect|p1b: Abstergo\n|-singleturn|p1b: Abstergo|Protect\n|move|p2b: Houndstone|Last Respects|p1a: Umbrella\n|-damage|p1a: Umbrella|6\/100\n|-damage|p2b: Houndstone|16\/100|[from] item: Life Orb\n|move|p2a: Hippowdon|Stone Edge|p1b: Abstergo\n|-activate|p1b: Abstergo|move: Protect\n|\n|-weather|RainDance|[upkeep]\n|-damage|p1b: Abstergo|45\/100 brn|[from] brn\n|-sideend|p2: PurpleStyle|move: Tailwind\n|upkeep\n|turn|7\n|\n|t:|1683569319\n|move|p2b: Houndstone|Protect|p2b: Houndstone\n|-singleturn|p2b: Houndstone|Protect\n|move|p1b: Abstergo|Earthquake|p2b: Houndstone|[spread] p2a\n|-activate|p2b: Houndstone|move: Protect\n|-immune|p1a: Umbrella\n|-damage|p2a: Hippowdon|80\/100\n|-damage|p1b: Abstergo|36\/100 brn|[from] item: Life Orb\n|move|p1a: Umbrella|Hurricane|p2a: Hippowdon\n|-damage|p2a: Hippowdon|50\/100\n|move|p2a: Hippowdon|Earthquake|p1b: Abstergo|[spread] p1b\n|-activate|p2b: Houndstone|move: Protect\n|-immune|p1a: Umbrella\n|-damage|p1b: Abstergo|13\/100 brn\n|\n|-weather|RainDance|[upkeep]\n|-heal|p2a: Hippowdon|56\/100|[from] item: Leftovers\n|-damage|p1b: Abstergo|7\/100 brn|[from] brn\n|upkeep\n|turn|8\n|\n|t:|1683569354\n|move|p2b: Houndstone|Protect|p2b: Houndstone\n|-singleturn|p2b: Houndstone|Protect\n|move|p1b: Abstergo|Earthquake|p2a: Hippowdon|[spread] p2a\n|-activate|p2b: Houndstone|move: Protect\n|-immune|p1a: Umbrella\n|-damage|p2a: Hippowdon|37\/100\n|-damage|p1b: Abstergo|0 fnt|[from] item: Life Orb\n|faint|p1b: Abstergo\n|move|p1a: Umbrella|Hurricane|p2a: Hippowdon\n|-damage|p2a: Hippowdon|5\/100\n|move|p2a: Hippowdon|Yawn|p1a: Umbrella\n|-start|p1a: Umbrella|move: Yawn|[of] p2a: Hippowdon\n|\n|-weather|RainDance|[upkeep]\n|-heal|p2a: Hippowdon|12\/100|[from] item: Leftovers\n|upkeep\n|\n|t:|1683569367\n|switch|p1b: Rhine|Floatzel, L50, F|61\/100\n|turn|9\n|\n|t:|1683569379\n|move|p1b: Rhine|Wave Crash|p2b: Houndstone\n|-damage|p2b: Houndstone|0 fnt\n|faint|p2b: Houndstone\n|-damage|p1b: Rhine|55\/100|[from] Recoil\n|move|p1a: Umbrella|Hurricane|p2a: Hippowdon\n|-damage|p2a: Hippowdon|0 fnt\n|faint|p2a: Hippowdon\n|\n|win|Heaven64\n|c|\u2606PurpleStyle|gg\n|c|\u2606Heaven64|gg\n|j| A Borygon\n|l| A Borygon\n","uploadtime":1683570229,"views":15,"p1id":"heaven64","p2id":"purplestyle","formatid":"gen9vgc2023regulationc","rating":0,"private":0,"password":""}