{"id":"gen9vgc2023regulationc-1847746388","p1":"tomachovgc","p2":"T4mba00","format":"[Gen 9] VGC 2023 Regulation C","log":"|j|\u2606tomachovgc\n|j|\u2606T4mba00\n|t:|1681998459\n|gametype|doubles\n|player|p1|tomachovgc|102|1419\n|player|p2|T4mba00|benga|1403\n|teamsize|p1|6\n|teamsize|p2|6\n|gen|9\n|tier|[Gen 9] VGC 2023 Regulation C\n|rated|\n|rule|Species Clause: Limit one of each Pok\u00e9mon\n|rule|Item Clause: Limit one of each item\n|clearpoke\n|poke|p1|Oranguru, L50, M|\n|poke|p1|Azumarill, L50, F|\n|poke|p1|Gholdengo, L50|\n|poke|p1|Iron Hands, L50|\n|poke|p1|Amoonguss, L50, M|\n|poke|p1|Farigiraf, L50, F|\n|poke|p2|Gholdengo, L50|\n|poke|p2|Gyarados, L50, M|\n|poke|p2|Volcarona, L50, F|\n|poke|p2|Amoonguss, L50, M|\n|poke|p2|Ting-Lu, L50|\n|poke|p2|Flutter Mane, L50|\n|teampreview|4\n|inactive|Battle timer is ON: inactive players will automatically lose when time's up. (requested by T4mba00)\n|j| Ko9mar0\n|inactive|T4mba00 has 60 seconds left.\n|\n|t:|1681998498\n|start\n|switch|p1a: Iron Hands|Iron Hands, L50|100\/100\n|switch|p1b: Oranguru|Oranguru, L50, M|100\/100\n|switch|p2a: Flutter Mane|Flutter Mane, L50|100\/100\n|switch|p2b: Gyarados|Gyarados, L50, M|100\/100\n|-ability|p2b: Gyarados|Intimidate|boost\n|-unboost|p1a: Iron Hands|atk|1\n|-unboost|p1b: Oranguru|atk|1\n|-enditem|p1a: Iron Hands|Booster Energy\n|-activate|p1b: Oranguru|ability: Symbiosis|Safety Goggles|[of] p1a: Iron Hands\n|-activate|p1a: Iron Hands|ability: Quark Drive|[fromitem]\n|-start|p1a: Iron Hands|quarkdriveatk\n|turn|1\n|inactive|tomachovgc has 30 seconds left.\n|inactive|T4mba00 has 30 seconds left.\n|inactive|tomachovgc has 20 seconds left.\n|inactive|T4mba00 has 20 seconds left.\n|inactive|T4mba00 has 15 seconds left.\n|inactive|T4mba00 has 10 seconds left.\n|\n|t:|1681998545\n|-terastallize|p1a: Iron Hands|Fire\n|move|p2a: Flutter Mane|Moonblast|p1b: Oranguru\n|-damage|p1b: Oranguru|50\/100\n|move|p2b: Gyarados|Waterfall|p1b: Oranguru\n|-damage|p1b: Oranguru|21\/100\n|move|p1b: Oranguru|Foul Play|p2b: Gyarados\n|-damage|p2b: Gyarados|74\/100\n|move|p1a: Iron Hands|Wild Charge|p2b: Gyarados\n|-supereffective|p2b: Gyarados\n|-damage|p2b: Gyarados|0 fnt\n|faint|p2b: Gyarados\n|-damage|p1a: Iron Hands|86\/100|[from] Recoil\n|\n|upkeep\n|\n|t:|1681998561\n|switch|p2b: Amoonguss|Amoonguss, L50, M|100\/100\n|turn|2\n|\n|t:|1681998582\n|-end|p2a: Flutter Mane|Protosynthesis|[silent]\n|switch|p2a: Ting-Lu|Ting-Lu, L50|100\/100\n|-ability|p2a: Ting-Lu|Vessel of Ruin\n|switch|p1b: Amoonguss|Amoonguss, L50, M|100\/100\n|move|p2b: Amoonguss|Spore|p1a: Iron Hands\n|-activate|p1a: Iron Hands|item: Safety Goggles|Spore\n|move|p1a: Iron Hands|Fire Punch|p2b: Amoonguss\n|-supereffective|p2b: Amoonguss\n|-damage|p2b: Amoonguss|34\/100\n|-enditem|p2b: Amoonguss|Sitrus Berry|[eat]\n|-heal|p2b: Amoonguss|59\/100|[from] item: Sitrus Berry\n|\n|upkeep\n|turn|3\n|inactive|T4mba00 has 30 seconds left.\n|inactive|T4mba00 has 20 seconds left.\n|\n|t:|1681998621\n|switch|p2b: Flutter Mane|Flutter Mane, L50|100\/100\n|move|p2a: Ting-Lu|Ruination|p1b: Amoonguss\n|-damage|p1b: Amoonguss|51\/100\n|move|p1a: Iron Hands|Drain Punch|p2a: Ting-Lu\n|-supereffective|p2a: Ting-Lu\n|-damage|p2a: Ting-Lu|57\/100\n|-heal|p1a: Iron Hands|100\/100|[from] drain|[of] p2a: Ting-Lu\n|move|p1b: Amoonguss|Spore|p2a: Ting-Lu\n|-status|p2a: Ting-Lu|slp|[from] move: Spore\n|\n|upkeep\n|turn|4\n|inactive|tomachovgc has 30 seconds left.\n|inactive|T4mba00 has 30 seconds left.\n|\n|t:|1681998655\n|switch|p2a: Amoonguss|Amoonguss, L50, M|92\/100\n|switch|p1b: Oranguru|Oranguru, L50, M|21\/100\n|move|p2b: Flutter Mane|Shadow Ball|p1b: Oranguru\n|-immune|p1b: Oranguru\n|move|p1a: Iron Hands|Fire Punch|p2b: Flutter Mane\n|-damage|p2b: Flutter Mane|24\/100\n|-status|p2b: Flutter Mane|brn\n|\n|-damage|p2b: Flutter Mane|18\/100 brn|[from] brn\n|upkeep\n|turn|5\n|-message|T4mba00 forfeited.\n|\n|win|tomachovgc\n|raw|tomachovgc's rating: 1419 → 1438<\/strong> (+19 for winning)\n|raw|T4mba00's rating: 1403 → 1384<\/strong> (-19 for losing)\n|l|\u2606T4mba00\n","uploadtime":1681998674,"views":11,"p1id":"tomachovgc","p2id":"t4mba00","formatid":"gen9vgc2023regulationc","rating":1384,"private":0,"password":""}