{"id":"gen9vgc2023regulationc-1854647726","p1":"Nacue","p2":"Abugbog","format":"[Gen 9] VGC 2023 Regulation C","log":"|j|\u2606Nacue\n|j|\u2606Abugbog\n|t:|1682842908\n|gametype|doubles\n|player|p1|Nacue|red|1070\n|player|p2|Abugbog|170|1166\n|teamsize|p1|6\n|teamsize|p2|6\n|gen|9\n|tier|[Gen 9] VGC 2023 Regulation C\n|rated|\n|rule|Species Clause: Limit one of each Pok\u00e9mon\n|rule|Item Clause: Limit one of each item\n|clearpoke\n|poke|p1|Hatterene, L50, F|\n|poke|p1|Kingambit, L50, F|\n|poke|p1|Ting-Lu, L50|\n|poke|p1|Mismagius, L50, M|\n|poke|p1|Baxcalibur, L50, M|\n|poke|p1|Brute Bonnet, L50|\n|poke|p2|Chien-Pao, L50|\n|poke|p2|Dragonite, L50, M|\n|poke|p2|Drednaw, L50, M|\n|poke|p2|Pelipper, L50, M|\n|poke|p2|Dondozo, L50, M|\n|poke|p2|Tatsugiri-Droopy, L50, M|\n|teampreview|4\n|inactive|Battle timer is ON: inactive players will automatically lose when time's up. (requested by Nacue)\n|inactive|Nacue has 60 seconds left.\n|\n|t:|1682842947\n|start\n|switch|p1a: Hatterene|Hatterene, L50, F|100\/100\n|switch|p1b: Ting-Lu|Ting-Lu, L50|100\/100\n|switch|p2a: Pelipper|Pelipper, L50, M|100\/100\n|switch|p2b: Drednaw|Drednaw, L50, M, shiny|100\/100\n|-weather|RainDance|[from] ability: Drizzle|[of] p2a: Pelipper\n|-ability|p1b: Ting-Lu|Vessel of Ruin\n|turn|1\n|inactive|Nacue has 30 seconds left.\n|inactive|Abugbog has 30 seconds left.\n|inactive|Abugbog has 20 seconds left.\n|\n|t:|1682842986\n|-terastallize|p2b: Drednaw|Grass\n|move|p2b: Drednaw|Rock Slide|p1b: Ting-Lu|[spread] p1b\n|-miss|p2b: Drednaw|p1a: Hatterene\n|-resisted|p1b: Ting-Lu\n|-damage|p1b: Ting-Lu|92\/100\n|-damage|p2b: Drednaw|91\/100|[from] item: Life Orb\n|move|p2a: Pelipper|Hurricane|p1a: Hatterene\n|-damage|p1a: Hatterene|58\/100\n|-start|p1a: Hatterene|confusion\n|move|p1b: Ting-Lu|Heavy Slam|p2b: Drednaw\n|-damage|p2b: Drednaw|52\/100\n|-activate|p1a: Hatterene|confusion\n|move|p1a: Hatterene|Trick Room|p1a: Hatterene\n|-fieldstart|move: Trick Room|[of] p1a: Hatterene\n|\n|-weather|RainDance|[upkeep]\n|upkeep\n|turn|2\n|inactive|Nacue has 30 seconds left.\n|inactive|Abugbog has 30 seconds left.\n|inactive|Abugbog has 20 seconds left.\n|\n|t:|1682843022\n|move|p2a: Pelipper|Wide Guard|p2a: Pelipper\n|-singleturn|p2a: Pelipper|Wide Guard\n|-activate|p1a: Hatterene|confusion\n|move|p1a: Hatterene|Draining Kiss|p2b: Drednaw\n|-damage|p2b: Drednaw|13\/100\n|-heal|p1a: Hatterene|89\/100|[from] drain|[of] p2b: Drednaw\n|-damage|p1a: Hatterene|79\/100|[from] item: Life Orb\n|move|p1b: Ting-Lu|Ruination|p2a: Pelipper\n|-damage|p2a: Pelipper|50\/100\n|move|p2b: Drednaw|Tera Blast|p1b: Ting-Lu\n|-supereffective|p1b: Ting-Lu\n|-damage|p1b: Ting-Lu|43\/100\n|-damage|p2b: Drednaw|3\/100|[from] item: Life Orb\n|\n|-weather|RainDance|[upkeep]\n|upkeep\n|turn|3\n|inactive|Nacue has 30 seconds left.\n|inactive|Abugbog has 30 seconds left.\n|\n|t:|1682843051\n|switch|p1b: Brute Bonnet|Brute Bonnet, L50|100\/100\n|move|p2b: Drednaw|Protect|p2b: Drednaw\n|-singleturn|p2b: Drednaw|Protect\n|-end|p1a: Hatterene|confusion\n|move|p1a: Hatterene|Draining Kiss|p2b: Drednaw\n|-activate|p2b: Drednaw|move: Protect\n|move|p2a: Pelipper|Hydro Pump|p1b: Brute Bonnet|[miss]\n|-miss|p2a: Pelipper|p1b: Brute Bonnet\n|\n|-weather|RainDance|[upkeep]\n|upkeep\n|turn|4\n|inactive|Nacue has 30 seconds left.\n|inactive|Abugbog has 30 seconds left.\n|inactive|Abugbog has 20 seconds left.\n|\n|t:|1682843089\n|switch|p2a: Tatsugiri|Tatsugiri-Droopy, L50, M|100\/100\n|switch|p2b: Dondozo|Dondozo, L50, M|100\/100\n|-activate|p2a: Tatsugiri|ability: Commander|[of] p2b: Dondozo\n|-boost|p2b: Dondozo|atk|2\n|-boost|p2b: Dondozo|spa|2\n|-boost|p2b: Dondozo|spe|2\n|-boost|p2b: Dondozo|def|2\n|-boost|p2b: Dondozo|spd|2\n|move|p1b: Brute Bonnet|Sucker Punch||[still]\n|-fail|p1b: Brute Bonnet\n|move|p1a: Hatterene|Draining Kiss|p2b: Dondozo\n|-damage|p2b: Dondozo|79\/100\n|-heal|p1a: Hatterene|100\/100|[from] drain|[of] p2b: Dondozo\n|-damage|p1a: Hatterene|91\/100|[from] item: Life Orb\n|\n|-weather|RainDance|[upkeep]\n|-heal|p2b: Dondozo|85\/100|[from] item: Leftovers\n|upkeep\n|turn|5\n|inactive|Nacue has 30 seconds left.\n|\n|t:|1682843122\n|switch|p1a: Kingambit|Kingambit, L50, F|100\/100\n|move|p2b: Dondozo|Protect|p2b: Dondozo\n|-singleturn|p2b: Dondozo|Protect\n|move|p1b: Brute Bonnet|Spore|p2b: Dondozo\n|-activate|p2b: Dondozo|move: Protect\n|\n|-weather|RainDance|[upkeep]\n|-heal|p2b: Dondozo|92\/100|[from] item: Leftovers\n|-fieldend|move: Trick Room\n|upkeep\n|turn|6\n|\n|t:|1682843142\n|move|p1a: Kingambit|Protect|p1a: Kingambit\n|-singleturn|p1a: Kingambit|Protect\n|move|p2b: Dondozo|Earthquake|p1a: Kingambit|[spread] p1b\n|-miss|p2b: Dondozo|p2a: Tatsugiri\n|-activate|p1a: Kingambit|move: Protect\n|-resisted|p1b: Brute Bonnet\n|-damage|p1b: Brute Bonnet|82\/100\n|move|p1b: Brute Bonnet|Spore|p2b: Dondozo\n|-status|p2b: Dondozo|slp|[from] move: Spore\n|\n|-weather|RainDance|[upkeep]\n|-heal|p2b: Dondozo|98\/100 slp|[from] item: Leftovers\n|upkeep\n|turn|7\n|\n|t:|1682843160\n|-end|p1b: Brute Bonnet|Protosynthesis|[silent]\n|switch|p1b: Hatterene|Hatterene, L50, F|91\/100\n|cant|p2b: Dondozo|slp\n|move|p1a: Kingambit|Swords Dance|p1a: Kingambit\n|-boost|p1a: Kingambit|atk|2\n|\n|-weather|RainDance|[upkeep]\n|-heal|p2b: Dondozo|100\/100 slp|[from] item: Leftovers\n|upkeep\n|turn|8\n|\n|t:|1682843175\n|cant|p2b: Dondozo|slp\n|move|p1a: Kingambit|Swords Dance|p1a: Kingambit\n|-boost|p1a: Kingambit|atk|2\n|move|p1b: Hatterene|Trick Room|p1b: Hatterene\n|-fieldstart|move: Trick Room|[of] p1b: Hatterene\n|\n|-weather|none\n|upkeep\n|turn|9\n|\n|t:|1682843199\n|move|p1b: Hatterene|Dark Pulse|p2b: Dondozo\n|-damage|p2b: Dondozo|80\/100 slp\n|-damage|p1b: Hatterene|81\/100|[from] item: Life Orb\n|move|p1a: Kingambit|Night Slash|p2b: Dondozo\n|-damage|p2b: Dondozo|66\/100 slp\n|cant|p2b: Dondozo|slp\n|\n|-heal|p2b: Dondozo|72\/100 slp|[from] item: Leftovers\n|upkeep\n|turn|10\n|\n|t:|1682843218\n|switch|p1b: Ting-Lu|Ting-Lu, L50|43\/100\n|-ability|p1b: Ting-Lu|Vessel of Ruin\n|-curestatus|p2b: Dondozo|slp|[msg]\n|move|p2b: Dondozo|Protect|p2b: Dondozo\n|-singleturn|p2b: Dondozo|Protect\n|move|p1a: Kingambit|Night Slash|p2b: Dondozo\n|-activate|p2b: Dondozo|move: Protect\n|\n|-heal|p2b: Dondozo|78\/100|[from] item: Leftovers\n|upkeep\n|turn|11\n|\n|t:|1682843242\n|move|p1b: Ting-Lu|Ruination|p2b: Dondozo\n|-damage|p2b: Dondozo|40\/100\n|move|p1a: Kingambit|Night Slash|p2b: Dondozo\n|-damage|p2b: Dondozo|25\/100\n|move|p2b: Dondozo|Earthquake|p1a: Kingambit|[spread] p1a,p1b\n|-miss|p2b: Dondozo|p2a: Tatsugiri\n|-supereffective|p1a: Kingambit\n|-damage|p1a: Kingambit|35\/100\n|-damage|p1b: Ting-Lu|23\/100\n|\n|-heal|p2b: Dondozo|32\/100|[from] item: Leftovers\n|upkeep\n|turn|12\n|inactive|Nacue has 30 seconds left.\n|\n|t:|1682843267\n|move|p2b: Dondozo|Protect|p2b: Dondozo\n|-singleturn|p2b: Dondozo|Protect\n|move|p1b: Ting-Lu|Body Press|p2b: Dondozo\n|-activate|p2b: Dondozo|move: Protect\n|move|p1a: Kingambit|Night Slash|p2b: Dondozo\n|-activate|p2b: Dondozo|move: Protect\n|\n|-heal|p2b: Dondozo|38\/100|[from] item: Leftovers\n|-fieldend|move: Trick Room\n|upkeep\n|turn|13\n|\n|t:|1682843285\n|switch|p1b: Hatterene|Hatterene, L50, F|81\/100\n|move|p1a: Kingambit|Protect|p1a: Kingambit\n|-singleturn|p1a: Kingambit|Protect\n|move|p2b: Dondozo|Earthquake|p1a: Kingambit|[spread] p1b\n|-miss|p2b: Dondozo|p2a: Tatsugiri\n|-activate|p1a: Kingambit|move: Protect\n|-damage|p1b: Hatterene|32\/100\n|\n|-heal|p2b: Dondozo|44\/100|[from] item: Leftovers\n|upkeep\n|turn|14\n|\n|t:|1682843307\n|move|p2b: Dondozo|Earthquake|p1b: Hatterene|[spread] p1a,p1b\n|-miss|p2b: Dondozo|p2a: Tatsugiri\n|-supereffective|p1a: Kingambit\n|-crit|p1b: Hatterene\n|-damage|p1a: Kingambit|0 fnt\n|-damage|p1b: Hatterene|0 fnt\n|faint|p1a: Kingambit\n|faint|p1b: Hatterene\n|\n|-heal|p2b: Dondozo|50\/100|[from] item: Leftovers\n|upkeep\n|\n|t:|1682843316\n|switch|p1a: Brute Bonnet|Brute Bonnet, L50|82\/100\n|switch|p1b: Ting-Lu|Ting-Lu, L50|23\/100\n|-ability|p1b: Ting-Lu|Vessel of Ruin\n|turn|15\n|\n|t:|1682843337\n|move|p2b: Dondozo|Earthquake|p1b: Ting-Lu|[spread] p1a,p1b\n|-miss|p2b: Dondozo|p2a: Tatsugiri\n|-resisted|p1a: Brute Bonnet\n|-damage|p1a: Brute Bonnet|64\/100\n|-damage|p1b: Ting-Lu|5\/100\n|move|p1a: Brute Bonnet|Spore|p2b: Dondozo\n|-status|p2b: Dondozo|slp|[from] move: Spore\n|move|p1b: Ting-Lu|Ruination|p2b: Dondozo\n|-damage|p2b: Dondozo|25\/100 slp\n|\n|-heal|p2b: Dondozo|32\/100 slp|[from] item: Leftovers\n|upkeep\n|turn|16\n|\n|t:|1682843358\n|cant|p2b: Dondozo|slp\n|move|p1a: Brute Bonnet|Zen Headbutt|p2b: Dondozo\n|-damage|p2b: Dondozo|21\/100 slp\n|move|p1b: Ting-Lu|Body Press|p2b: Dondozo\n|-damage|p2b: Dondozo|11\/100 slp\n|\n|-heal|p2b: Dondozo|18\/100 slp|[from] item: Leftovers\n|upkeep\n|turn|17\n|inactive|Nacue has 30 seconds left.\n|\n|t:|1682843384\n|cant|p2b: Dondozo|slp\n|move|p1a: Brute Bonnet|Zen Headbutt|p2b: Dondozo\n|-damage|p2b: Dondozo|8\/100 slp\n|move|p1b: Ting-Lu|Ruination|p2b: Dondozo\n|-damage|p2b: Dondozo|4\/100 slp\n|\n|-heal|p2b: Dondozo|10\/100 slp|[from] item: Leftovers\n|upkeep\n|turn|18\n|inactive|Nacue has 30 seconds left.\n|\n|t:|1682843412\n|cant|p2b: Dondozo|slp\n|move|p1a: Brute Bonnet|Spore|p2b: Dondozo\n|-fail|p2b: Dondozo|slp\n|move|p1b: Ting-Lu|Body Press|p2b: Dondozo\n|-damage|p2b: Dondozo|0 fnt\n|faint|p2b: Dondozo\n|\n|upkeep\n|\n|t:|1682843425\n|switch|p2b: Pelipper|Pelipper, L50, M|50\/100\n|-weather|RainDance|[from] ability: Drizzle|[of] p2b: Pelipper\n|turn|19\n|inactive|Nacue has 30 seconds left.\n|\n|t:|1682843442\n|move|p2a: Tatsugiri|Muddy Water|p1b: Ting-Lu|[spread] p1a,p1b\n|-resisted|p1a: Brute Bonnet\n|-supereffective|p1b: Ting-Lu\n|-damage|p1a: Brute Bonnet|48\/100\n|-damage|p1b: Ting-Lu|0 fnt\n|faint|p1b: Ting-Lu\n|move|p2b: Pelipper|Hurricane|p1a: Brute Bonnet\n|-supereffective|p1a: Brute Bonnet\n|-crit|p1a: Brute Bonnet\n|-damage|p1a: Brute Bonnet|0 fnt\n|faint|p1a: Brute Bonnet\n|-end|p1a: Brute Bonnet|Protosynthesis|[silent]\n|\n|win|Abugbog\n|inactive|Nacue has 25 seconds left this turn.\n|raw|Nacue's rating: 1070 → 1055<\/strong> (-15 for losing)\n|raw|Abugbog's rating: 1166 → 1184<\/strong> (+18 for winning)\n|l|\u2606Nacue\n|c|\u2606Abugbog|Lol 19turns\n","uploadtime":1682843465,"views":14,"p1id":"nacue","p2id":"abugbog","formatid":"gen9vgc2023regulationc","rating":1055,"private":0,"password":""}