{"id":"gen9vgc2023regulationc-1852246203","p1":"NqNSuper","p2":"IrishHawk","format":"[Gen 9] VGC 2023 Regulation C","log":"|j|\u2606NqNSuper\n|j|\u2606IrishHawk\n|t:|1682536349\n|gametype|doubles\n|player|p1|NqNSuper|102|1107\n|player|p2|IrishHawk|harlequin|1042\n|teamsize|p1|6\n|teamsize|p2|6\n|gen|9\n|tier|[Gen 9] VGC 2023 Regulation C\n|rated|\n|rule|Species Clause: Limit one of each Pok\u00e9mon\n|rule|Item Clause: Limit one of each item\n|clearpoke\n|poke|p1|Wo-Chien, L50|\n|poke|p1|Glimmora, L50, F|\n|poke|p1|Farigiraf, L50, M|\n|poke|p1|Ursaring, L50, F|\n|poke|p1|Iron Hands, L50|\n|poke|p1|Gyarados, L50, F|\n|poke|p2|Stantler, L50, M|\n|poke|p2|Dragapult, L50, F|\n|poke|p2|Armarouge, L50, F|\n|poke|p2|Indeedee-F, L50, F|\n|poke|p2|Glimmora, L50, F|\n|poke|p2|Iron Bundle, L50|\n|teampreview|4\n|inactive|Battle timer is ON: inactive players will automatically lose when time's up. (requested by NqNSuper)\n|\n|t:|1682536384\n|start\n|switch|p1a: Wo-Chien|Wo-Chien, L50|100\/100\n|switch|p1b: Glimmora|Glimmora, L50, F|100\/100\n|switch|p2a: Stantler|Stantler, L50, M|100\/100\n|switch|p2b: Dragapult|Dragapult, L50, F|100\/100\n|-ability|p2a: Stantler|Intimidate|boost\n|-unboost|p1a: Wo-Chien|atk|1\n|-unboost|p1b: Glimmora|atk|1\n|-ability|p1a: Wo-Chien|Tablets of Ruin\n|turn|1\n|inactive|NqNSuper has 30 seconds left.\n|inactive|IrishHawk has 30 seconds left.\n|inactive|IrishHawk has 20 seconds left.\n|\n|t:|1682536419\n|move|p2b: Dragapult|Shadow Ball|p1b: Glimmora\n|-damage|p1b: Glimmora|53\/100\n|move|p1b: Glimmora|Mortal Spin|p2b: Dragapult|[spread] p2a,p2b\n|-crit|p2a: Stantler\n|-resisted|p2b: Dragapult\n|-damage|p2a: Stantler|97\/100\n|-damage|p2b: Dragapult|99\/100\n|-status|p2a: Stantler|psn\n|-status|p2b: Dragapult|psn\n|move|p2a: Stantler|Body Slam|p1a: Wo-Chien\n|-damage|p1a: Wo-Chien|85\/100\n|move|p1a: Wo-Chien|Leech Seed|p2b: Dragapult\n|-start|p2b: Dragapult|move: Leech Seed\n|\n|-heal|p1a: Wo-Chien|91\/100|[from] item: Leftovers\n|-damage|p2b: Dragapult|87\/100 psn|[from] Leech Seed|[of] p1a: Wo-Chien\n|-heal|p1a: Wo-Chien|100\/100|[silent]\n|-damage|p2b: Dragapult|75\/100 psn|[from] psn\n|-damage|p2a: Stantler|84\/100 psn|[from] psn\n|upkeep\n|turn|2\n|\n|t:|1682536453\n|move|p1b: Glimmora|Spiky Shield|p1b: Glimmora\n|-singleturn|p1b: Glimmora|move: Protect\n|move|p2b: Dragapult|Shadow Ball|p1b: Glimmora\n|-activate|p1b: Glimmora|move: Protect\n|move|p2a: Stantler|Thunder Wave|p1a: Wo-Chien\n|-status|p1a: Wo-Chien|par\n|cant|p1a: Wo-Chien|par\n|\n|-damage|p2b: Dragapult|62\/100 psn|[from] Leech Seed|[of] p1a: Wo-Chien\n|-damage|p2b: Dragapult|50\/100 psn|[from] psn\n|-damage|p2a: Stantler|72\/100 psn|[from] psn\n|upkeep\n|turn|3\n|\n|t:|1682536474\n|move|p2b: Dragapult|Shadow Ball|p1b: Glimmora\n|-damage|p1b: Glimmora|6\/100\n|-unboost|p1b: Glimmora|spd|1\n|-enditem|p1b: Glimmora|Sitrus Berry|[eat]\n|-heal|p1b: Glimmora|30\/100|[from] item: Sitrus Berry\n|move|p1b: Glimmora|Power Gem|p2b: Dragapult\n|-damage|p2b: Dragapult|0 fnt\n|faint|p2b: Dragapult\n|move|p2a: Stantler|Body Slam|p1a: Wo-Chien\n|-damage|p1a: Wo-Chien|84\/100 par\n|move|p1a: Wo-Chien|Leech Seed|p2a: Stantler\n|-start|p2a: Stantler|move: Leech Seed\n|\n|-heal|p1a: Wo-Chien|91\/100 par|[from] item: Leftovers\n|-damage|p2a: Stantler|60\/100 psn|[from] Leech Seed|[of] p1a: Wo-Chien\n|-heal|p1a: Wo-Chien|100\/100 par|[silent]\n|-damage|p2a: Stantler|48\/100 psn|[from] psn\n|upkeep\n|c|\u2606IrishHawk|Your an actually fucking monkey\n|\n|t:|1682536491\n|switch|p2b: Indeedee|Indeedee-F, L50, F|100\/100\n|-fieldstart|move: Psychic Terrain|[from] ability: Psychic Surge|[of] p2b: Indeedee\n|turn|4\n|\n|t:|1682536509\n|switch|p2a: Armarouge|Armarouge, L50, F|100\/100\n|move|p1b: Glimmora|Mortal Spin|p2a: Armarouge|[spread] p2a,p2b\n|-damage|p2a: Armarouge|98\/100\n|-damage|p2b: Indeedee|97\/100\n|-status|p2a: Armarouge|psn\n|-status|p2b: Indeedee|psn\n|-ability|p2a: Armarouge|Weak Armor|boost\n|-unboost|p2a: Armarouge|def|1\n|-boost|p2a: Armarouge|spe|2\n|move|p2b: Indeedee|Psychic|p1b: Glimmora\n|-supereffective|p1b: Glimmora\n|-damage|p1b: Glimmora|0 fnt\n|faint|p1b: Glimmora\n|cant|p1a: Wo-Chien|par\n|\n|-damage|p2a: Armarouge|85\/100 psn|[from] psn\n|-damage|p2b: Indeedee|85\/100 psn|[from] psn\n|upkeep\n|c|\u2606NqNSuper|WHY U SO MAD?\n|inactive|NqNSuper has 30 seconds left.\n|\n|t:|1682536538\n|switch|p1b: Ursaring|Ursaring, L50, F|100\/100\n|turn|5\n|inactive|NqNSuper has 30 seconds left.\n|inactive|IrishHawk has 30 seconds left.\n|c|\u2606IrishHawk|Because Wo chien is gay\n|inactive|IrishHawk has 20 seconds left.\n|\n|t:|1682536575\n|move|p1b: Ursaring|Protect|p1b: Ursaring\n|-singleturn|p1b: Ursaring|Protect\n|move|p2b: Indeedee|Follow Me|p2b: Indeedee\n|-singleturn|p2b: Indeedee|move: Follow Me\n|move|p2a: Armarouge|Armor Cannon|p1a: Wo-Chien\n|-supereffective|p1a: Wo-Chien\n|-damage|p1a: Wo-Chien|19\/100 par\n|-unboost|p2a: Armarouge|def|1\n|-unboost|p2a: Armarouge|spd|1\n|cant|p1a: Wo-Chien|par\n|\n|-heal|p1a: Wo-Chien|25\/100 par|[from] item: Leftovers\n|-damage|p2a: Armarouge|73\/100 psn|[from] psn\n|-damage|p2b: Indeedee|72\/100 psn|[from] psn\n|-status|p1b: Ursaring|tox|[from] item: Toxic Orb\n|upkeep\n|turn|6\n|inactive|NqNSuper has 30 seconds left.\n|inactive|NqNSuper has 20 seconds left.\n|inactive|NqNSuper has 15 seconds left.\n|inactive|NqNSuper has 10 seconds left.\n|\n|t:|1682536621\n|-terastallize|p1b: Ursaring|Normal\n|cant|p1a: Wo-Chien|par\n|move|p2b: Indeedee|Follow Me|p2b: Indeedee\n|-singleturn|p2b: Indeedee|move: Follow Me\n|move|p2a: Armarouge|Armor Cannon|p1a: Wo-Chien\n|-supereffective|p1a: Wo-Chien\n|-damage|p1a: Wo-Chien|0 fnt\n|-unboost|p2a: Armarouge|def|1\n|-unboost|p2a: Armarouge|spd|1\n|faint|p1a: Wo-Chien\n|move|p1b: Ursaring|Facade|p2b: Indeedee\n|-damage|p2b: Indeedee|0 fnt\n|faint|p2b: Indeedee\n|\n|-damage|p2a: Armarouge|60\/100 psn|[from] psn\n|-damage|p1b: Ursaring|94\/100 tox|[from] psn\n|upkeep\n|\n|t:|1682536640\n|switch|p2b: Stantler|Stantler, L50, M|48\/100 psn\n|switch|p1a: Farigiraf|Farigiraf, L50, M|100\/100\n|-ability|p2b: Stantler|Intimidate|boost\n|-unboost|p1a: Farigiraf|atk|1\n|-unboost|p1b: Ursaring|atk|1\n|turn|7\n|inactive|IrishHawk has 30 seconds left.\n|c|\u2606NqNSuper|ursaring is god\n|inactive|IrishHawk has 20 seconds left.\n|inactive|IrishHawk has 15 seconds left.\n|inactive|IrishHawk has 10 seconds left.\n|\n|t:|1682536687\n|move|p1a: Farigiraf|Protect|p1a: Farigiraf\n|-singleturn|p1a: Farigiraf|Protect\n|move|p2a: Armarouge|Expanding Force|p1a: Farigiraf|[spread] p1b\n|-activate|p1a: Farigiraf|move: Protect\n|-damage|p1b: Ursaring|17\/100 tox\n|move|p2b: Stantler|Body Slam|p1a: Farigiraf\n|-activate|p1a: Farigiraf|move: Protect\n|move|p1b: Ursaring|Facade|p2a: Armarouge\n|-damage|p2a: Armarouge|0 fnt\n|faint|p2a: Armarouge\n|\n|-damage|p2b: Stantler|35\/100 psn|[from] psn\n|-damage|p1b: Ursaring|5\/100 tox|[from] psn\n|upkeep\n|turn|8\n|inactive|NqNSuper has 30 seconds left.\n|inactive|IrishHawk has 30 seconds left.\n|inactive|IrishHawk has 20 seconds left.\n|inactive|IrishHawk has 15 seconds left.\n|inactive|IrishHawk has 10 seconds left.\n|\n|t:|1682536735\n|move|p1a: Farigiraf|Protect|p1a: Farigiraf\n|-singleturn|p1a: Farigiraf|Protect\n|move|p2b: Stantler|Body Slam|p1b: Ursaring\n|-damage|p1b: Ursaring|0 fnt\n|faint|p1b: Ursaring\n|\n|-damage|p2b: Stantler|23\/100 psn|[from] psn\n|upkeep\n|turn|9\n|\n|t:|1682536752\n|move|p2b: Stantler|Body Slam|p1a: Farigiraf\n|-damage|p1a: Farigiraf|73\/100\n|move|p1a: Farigiraf|Hyper Voice|p2b: Stantler\n|-damage|p2b: Stantler|0 fnt\n|faint|p2b: Stantler\n|\n|win|NqNSuper\n|raw|NqNSuper's rating: 1107 → 1127<\/strong> (+20 for winning)\n|raw|IrishHawk's rating: 1042 → 1029<\/strong> (-13 for losing)\n|c|\u2606IrishHawk|Bo3 Rn\n|l|\u2606IrishHawk\n","uploadtime":1682536487,"views":9,"p1id":"nqnsuper","p2id":"irishhawk","formatid":"gen9vgc2023regulationc","rating":1029,"private":0,"password":""}