{"id":"gen9vgc2023regulationc-1862231638","p1":"stack of pancake","p2":"torwildheart","format":"[Gen 9] VGC 2023 Regulation C","log":"|j|\u2606stack of pancake\n|j|\u2606torwildheart\n|t:|1683852589\n|gametype|doubles\n|player|p1|stack of pancake|steven|1100\n|player|p2|torwildheart|teamrocket|1195\n|teamsize|p1|6\n|teamsize|p2|6\n|gen|9\n|tier|[Gen 9] VGC 2023 Regulation C\n|rated|\n|rule|Species Clause: Limit one of each Pok\u00e9mon\n|rule|Item Clause: Limit one of each item\n|clearpoke\n|poke|p1|Murkrow, L50, F|\n|poke|p1|Flutter Mane, L50|\n|poke|p1|Great Tusk, L50|\n|poke|p1|Amoonguss, L50, M|\n|poke|p1|Kingambit, L50, F|\n|poke|p1|Arcanine, L50, F|\n|poke|p2|Scream Tail, L50|\n|poke|p2|Kingambit, L50, F|\n|poke|p2|Flutter Mane, L50|\n|poke|p2|Arcanine, L50, F|\n|poke|p2|Rotom-Wash, L50|\n|poke|p2|Chien-Pao, L50|\n|teampreview|4\ntorwildheart has agreed to open team sheets.\nstack of pancake has agreed to open team sheets.\n|inactive|Battle timer is ON: inactive players will automatically lose when time's up. (requested by torwildheart)\n|\n|t:|1683852668\n|start\n|switch|p1a: Kingambit|Kingambit, L50, F|100\/100\n|switch|p1b: Flutter Mane|Flutter Mane, L50|100\/100\n|switch|p2a: Laundry Day|Rotom-Wash, L50|100\/100\n|switch|p2b: Ugly Ferret|Chien-Pao, L50|100\/100\n|-ability|p2b: Ugly Ferret|Sword of Ruin\n|turn|1\n|inactive|stack of pancake has 30 seconds left.\n|\n|t:|1683852698\n|-terastallize|p1a: Kingambit|Flying\n|move|p2b: Ugly Ferret|Protect|p2b: Ugly Ferret\n|-singleturn|p2b: Ugly Ferret|Protect\n|move|p1b: Flutter Mane|Dazzling Gleam|p2b: Ugly Ferret|[spread] p2a\n|-activate|p2b: Ugly Ferret|move: Protect\n|-damage|p2a: Laundry Day|53\/100\n|move|p2a: Laundry Day|Will-O-Wisp|p1a: Kingambit\n|-status|p1a: Kingambit|brn\n|move|p1a: Kingambit|Iron Head|p2b: Ugly Ferret\n|-activate|p2b: Ugly Ferret|move: Protect\n|\n|-damage|p1a: Kingambit|95\/100 brn|[from] brn\n|upkeep\n|turn|2\n|\n|t:|1683852722\n|move|p1a: Kingambit|Sucker Punch|p2b: Ugly Ferret\n|-resisted|p2b: Ugly Ferret\n|-damage|p2b: Ugly Ferret|86\/100\n|move|p2b: Ugly Ferret|Ice Spinner|p1b: Flutter Mane\n|-damage|p1b: Flutter Mane|9\/100\n|move|p1b: Flutter Mane|Dazzling Gleam|p2b: Ugly Ferret|[spread] p2a,p2b\n|-supereffective|p2b: Ugly Ferret\n|-damage|p2a: Laundry Day|8\/100\n|-damage|p2b: Ugly Ferret|0 fnt\n|-enditem|p2a: Laundry Day|Sitrus Berry|[eat]\n|-heal|p2a: Laundry Day|33\/100|[from] item: Sitrus Berry\n|faint|p2b: Ugly Ferret\n|move|p2a: Laundry Day|Thunderbolt|p1a: Kingambit\n|-supereffective|p1a: Kingambit\n|-damage|p1a: Kingambit|44\/100 brn\n|\n|-damage|p1a: Kingambit|39\/100 brn|[from] brn\n|upkeep\n|\n|t:|1683852731\n|switch|p2b: THEONEPIECE|Kingambit, L50, F|100\/100\n|turn|3\n|inactive|stack of pancake has 30 seconds left.\n|inactive|stack of pancake has 20 seconds left.\n|\n|t:|1683852771\n|-end|p1b: Flutter Mane|Protosynthesis|[silent]\n|switch|p1b: Murkrow|Murkrow, L50, F|100\/100\n|move|p2b: THEONEPIECE|Sucker Punch||[still]\n|-fail|p2b: THEONEPIECE\n|move|p1a: Kingambit|Sucker Punch|p2a: Laundry Day\n|-damage|p2a: Laundry Day|10\/100\n|move|p2a: Laundry Day|Thunderbolt|p1a: Kingambit\n|-supereffective|p1a: Kingambit\n|-damage|p1a: Kingambit|0 fnt\n|faint|p1a: Kingambit\n|\n|upkeep\n|\n|t:|1683852783\n|switch|p1a: Great Tusk|Great Tusk, L50|100\/100\n|turn|4\n|\n|t:|1683852806\n|-terastallize|p2b: THEONEPIECE|Flying\n|move|p1b: Murkrow|Sunny Day|p1b: Murkrow\n|-weather|SunnyDay\n|-activate|p1a: Great Tusk|ability: Protosynthesis\n|-start|p1a: Great Tusk|protosynthesisatk\n|move|p1a: Great Tusk|Rock Slide|p2a: Laundry Day|[spread] p2a,p2b\n|-supereffective|p2b: THEONEPIECE\n|-damage|p2a: Laundry Day|0 fnt\n|-damage|p2b: THEONEPIECE|57\/100\n|faint|p2a: Laundry Day\n|move|p2b: THEONEPIECE|Tera Blast|p1a: Great Tusk\n|-supereffective|p1a: Great Tusk\n|-damage|p1a: Great Tusk|25\/100\n|\n|-weather|SunnyDay|[upkeep]\n|upkeep\n|\n|t:|1683852813\n|switch|p2a: Bork Bork|Arcanine, L50, F|100\/100\n|-ability|p2a: Bork Bork|Intimidate|boost\n|-unboost|p1a: Great Tusk|atk|1\n|-unboost|p1b: Murkrow|atk|1\n|turn|5\n|inactive|stack of pancake has 30 seconds left.\n|inactive|stack of pancake has 20 seconds left.\n|inactive|stack of pancake has 15 seconds left.\n|inactive|stack of pancake has 10 seconds left.\n|\n|t:|1683852863\n|-end|p1a: Great Tusk|Protosynthesis|[silent]\n|switch|p1a: Flutter Mane|Flutter Mane, L50|9\/100\n|-activate|p1a: Flutter Mane|ability: Protosynthesis\n|-start|p1a: Flutter Mane|protosynthesisspa\n|move|p2a: Bork Bork|Extreme Speed|p1a: Flutter Mane\n|-immune|p1a: Flutter Mane\n|move|p2b: THEONEPIECE|Sucker Punch||[still]\n|-fail|p2b: THEONEPIECE\n|move|p1b: Murkrow|Brave Bird|p2b: THEONEPIECE\n|-damage|p2b: THEONEPIECE|31\/100\n|-damage|p1b: Murkrow|87\/100|[from] Recoil\n|\n|-weather|SunnyDay|[upkeep]\n|upkeep\n|turn|6\n|inactive|stack of pancake has 30 seconds left.\n|inactive|stack of pancake has 20 seconds left.\n|inactive|stack of pancake has 15 seconds left.\n|\n|t:|1683852907\n|move|p2b: THEONEPIECE|Sucker Punch|p1a: Flutter Mane\n|-damage|p1a: Flutter Mane|0 fnt\n|faint|p1a: Flutter Mane\n|-end|p1a: Flutter Mane|Protosynthesis|[silent]\n|move|p1b: Murkrow|Brave Bird|p2b: THEONEPIECE\n|-damage|p2b: THEONEPIECE|6\/100\n|-damage|p1b: Murkrow|75\/100|[from] Recoil\n|move|p2a: Bork Bork|Flare Blitz|p1b: Murkrow\n|-damage|p1b: Murkrow|0 fnt\n|faint|p1b: Murkrow\n|-damage|p2a: Bork Bork|84\/100|[from] Recoil\n|\n|-weather|SunnyDay|[upkeep]\n|upkeep\n|\n|t:|1683852912\n|switch|p1a: Great Tusk|Great Tusk, L50|25\/100\n|-activate|p1a: Great Tusk|ability: Protosynthesis\n|-start|p1a: Great Tusk|protosynthesisatk\n|turn|7\n|\n|t:|1683852917\n|move|p2a: Bork Bork|Extreme Speed|p1a: Great Tusk\n|-damage|p1a: Great Tusk|9\/100\n|move|p2b: THEONEPIECE|Sucker Punch|p1a: Great Tusk\n|-resisted|p1a: Great Tusk\n|-damage|p1a: Great Tusk|0 fnt\n|faint|p1a: Great Tusk\n|-end|p1a: Great Tusk|Protosynthesis|[silent]\n|\n|win|torwildheart\n|raw|stack of pancake's rating: 1100 → 1082<\/strong> (-18 for losing)\n|raw|torwildheart's rating: 1195 → 1213<\/strong> (+18 for winning)\n|c|\u2606torwildheart|gg\n","uploadtime":1683852922,"views":9,"p1id":"stackofpancake","p2id":"torwildheart","formatid":"gen9vgc2023regulationc","rating":1082,"private":0,"password":""}