{"id":"gen9vgc2023regulationc-1861827951","p1":"cichos","p2":"RazorSquid","format":"[Gen 9] VGC 2023 Regulation C","log":"|j|\u2606cichos\n|j|\u2606RazorSquid\n|t:|1683812763\n|gametype|doubles\n|player|p1|cichos|169|1139\n|player|p2|RazorSquid|roughneck-gen4|1208\n|teamsize|p1|6\n|teamsize|p2|6\n|gen|9\n|tier|[Gen 9] VGC 2023 Regulation C\n|rated|\n|rule|Species Clause: Limit one of each Pok\u00e9mon\n|rule|Item Clause: Limit one of each item\n|clearpoke\n|poke|p1|Drednaw, L50, F|\n|poke|p1|Arcanine, L50, M|\n|poke|p1|Toedscruel, L50, M|\n|poke|p1|Gyarados, L50, F|\n|poke|p1|Chien-Pao, L50|\n|poke|p1|Flutter Mane, L50|\n|poke|p2|Muk, L50, M|\n|poke|p2|Tyranitar, L50, M|\n|poke|p2|Lycanroc, L50, F|\n|poke|p2|Flutter Mane, L50|\n|poke|p2|Amoonguss, L50, F|\n|poke|p2|Gyarados, L50, M|\n|teampreview|4\n|inactive|Battle timer is ON: inactive players will automatically lose when time's up. (requested by RazorSquid)\ncichos has agreed to open team sheets.\n|inactive|RazorSquid has 60 seconds left.\n|\n|t:|1683812804\n|start\n|switch|p1a: Toedscruel|Toedscruel, L50, M|100\/100\n|switch|p1b: Gyarados|Gyarados, L50, F|100\/100\n|switch|p2a: Flutter Mane|Flutter Mane, L50|100\/100\n|switch|p2b: Amoonguss|Amoonguss, L50, F|100\/100\n|-ability|p1b: Gyarados|Intimidate|boost\n|-unboost|p2a: Flutter Mane|atk|1\n|-unboost|p2b: Amoonguss|atk|1\n|turn|1\n|\n|t:|1683812822\n|move|p2a: Flutter Mane|Dazzling Gleam|p1a: Toedscruel|[spread] p1a,p1b\n|-damage|p1a: Toedscruel|58\/100\n|-damage|p1b: Gyarados|51\/100\n|move|p1b: Gyarados|Waterfall|p2a: Flutter Mane\n|-damage|p2a: Flutter Mane|26\/100\n|move|p2b: Amoonguss|Pollen Puff|p1a: Toedscruel\n|-supereffective|p1a: Toedscruel\n|-damage|p1a: Toedscruel|26\/100\n|move|p1a: Toedscruel|Confuse Ray|p2a: Flutter Mane\n|-start|p2a: Flutter Mane|confusion\n|\n|-heal|p1a: Toedscruel|31\/100|[from] item: Leftovers\n|upkeep\n|turn|2\n|\n|t:|1683812847\n|-end|p2a: Flutter Mane|Protosynthesis|[silent]\n|switch|p2a: Gyarados|Gyarados, L50, M, shiny|100\/100\n|-ability|p2a: Gyarados|Intimidate|boost\n|-unboost|p1a: Toedscruel|atk|1\n|-unboost|p1b: Gyarados|atk|1\n|move|p1a: Toedscruel|Earth Power|p2a: Gyarados\n|-immune|p2a: Gyarados\n|move|p1b: Gyarados|Waterfall|p2a: Gyarados\n|-resisted|p2a: Gyarados\n|-damage|p2a: Gyarados|86\/100\n|move|p2b: Amoonguss|Pollen Puff|p1a: Toedscruel\n|-supereffective|p1a: Toedscruel\n|-damage|p1a: Toedscruel|3\/100\n|\n|-heal|p1a: Toedscruel|9\/100|[from] item: Leftovers\n|upkeep\n|turn|3\n|inactive|cichos has 30 seconds left.\n|\n|t:|1683812877\n|move|p2b: Amoonguss|Protect|p2b: Amoonguss\n|-singleturn|p2b: Amoonguss|Protect\n|move|p2a: Gyarados|Waterfall|p1a: Toedscruel\n|-damage|p1a: Toedscruel|0 fnt\n|faint|p1a: Toedscruel\n|move|p1b: Gyarados|Body Slam|p2a: Gyarados\n|-damage|p2a: Gyarados|65\/100\n|\n|upkeep\n|\n|t:|1683812886\n|switch|p1a: Drednaw|Drednaw, L50, F|100\/100\n|turn|4\n|\n|t:|1683812909\n|move|p2a: Gyarados|Thunder Wave|p1a: Drednaw\n|-status|p1a: Drednaw|par\n|move|p1b: Gyarados|Body Slam|p2a: Gyarados\n|-damage|p2a: Gyarados|46\/100\n|move|p2b: Amoonguss|Pollen Puff|p2a: Gyarados\n|-heal|p2a: Gyarados|96\/100\n|move|p1a: Drednaw|Ice Fang|p2b: Amoonguss\n|-supereffective|p2b: Amoonguss\n|-damage|p2b: Amoonguss|13\/100\n|-enditem|p2b: Amoonguss|Aguav Berry|[eat]\n|-heal|p2b: Amoonguss|46\/100|[from] item: Aguav Berry\n|\n|upkeep\n|turn|5\n|\n|t:|1683812926\n|switch|p2a: Flutter Mane|Flutter Mane, L50|26\/100\n|move|p1b: Gyarados|Thunder Wave|p2a: Flutter Mane\n|-status|p2a: Flutter Mane|par\n|move|p2b: Amoonguss|Pollen Puff|p2a: Flutter Mane\n|-heal|p2a: Flutter Mane|76\/100 par\n|move|p1a: Drednaw|Ice Fang|p2b: Amoonguss\n|-supereffective|p2b: Amoonguss\n|-damage|p2b: Amoonguss|0 fnt\n|faint|p2b: Amoonguss\n|\n|upkeep\n|j| ZonXJ\n|\n|t:|1683812933\n|switch|p2b: Gyarados|Gyarados, L50, M, shiny|96\/100\n|-ability|p2b: Gyarados|Intimidate|boost\n|-unboost|p1a: Drednaw|atk|1\n|-unboost|p1b: Gyarados|atk|1\n|turn|6\n|\n|t:|1683812959\n|-terastallize|p2a: Flutter Mane|Fairy\n|move|p2b: Gyarados|Waterfall|p1a: Drednaw\n|-damage|p1a: Drednaw|60\/100 par\n|move|p1b: Gyarados|Thunder Wave|p2b: Gyarados\n|-status|p2b: Gyarados|par\n|cant|p2a: Flutter Mane|par\n|cant|p1a: Drednaw|par\n|\n|upkeep\n|turn|7\n|\n|t:|1683812981\n|switch|p1a: Chien-Pao|Chien-Pao, L50|100\/100\n|-ability|p1a: Chien-Pao|Sword of Ruin\n|move|p1b: Gyarados|Waterfall|p2a: Flutter Mane\n|-damage|p2a: Flutter Mane|31\/100 par\n|move|p2a: Flutter Mane|Dazzling Gleam|p1b: Gyarados|[spread] p1a,p1b\n|-supereffective|p1a: Chien-Pao\n|-enditem|p1a: Chien-Pao|Focus Sash\n|-damage|p1a: Chien-Pao|1\/100\n|-damage|p1b: Gyarados|0 fnt\n|faint|p1b: Gyarados\n|cant|p2b: Gyarados|par\n|\n|upkeep\n|\n|t:|1683812994\n|switch|p1b: Drednaw|Drednaw, L50, F|60\/100 par\n|turn|8\n|\n|t:|1683813014\n|move|p1a: Chien-Pao|Protect|p1a: Chien-Pao\n|-singleturn|p1a: Chien-Pao|Protect\n|move|p2a: Flutter Mane|Dazzling Gleam|p1a: Chien-Pao|[spread] p1b\n|-activate|p1a: Chien-Pao|move: Protect\n|-damage|p1b: Drednaw|0 fnt\n|faint|p1b: Drednaw\n|move|p2b: Gyarados|Waterfall|p1a: Chien-Pao\n|-activate|p1a: Chien-Pao|move: Protect\n|\n|upkeep\n|turn|9\n|\n|t:|1683813025\n|move|p1a: Chien-Pao|Sucker Punch|p2a: Flutter Mane\n|-resisted|p2a: Flutter Mane\n|-damage|p2a: Flutter Mane|0 fnt\n|faint|p2a: Flutter Mane\n|-end|p2a: Flutter Mane|Protosynthesis|[silent]\n|move|p2b: Gyarados|Waterfall|p1a: Chien-Pao\n|-damage|p1a: Chien-Pao|0 fnt\n|faint|p1a: Chien-Pao\n|\n|win|RazorSquid\n|raw|cichos's rating: 1139 → 1119<\/strong> (-20 for losing)\n|raw|RazorSquid's rating: 1208 → 1228<\/strong> (+20 for winning)\n","uploadtime":1683813032,"views":12,"p1id":"cichos","p2id":"razorsquid","formatid":"gen9vgc2023regulationc","rating":1119,"private":0,"password":""}