{"id":"gen9vgc2023regulationc-1847352719","p1":"Sleepyhead1","p2":"uhoh I poopd","format":"[Gen 9] VGC 2023 Regulation C","log":"|j|\u203dSleepyhead1\n|j|\u2606uhoh I poopd\n|t:|1681941511\n|gametype|doubles\n|player|p1|Sleepyhead1|caitlin|1412\n|player|p2|uhoh I poopd|colress|1321\n|teamsize|p1|6\n|teamsize|p2|6\n|gen|9\n|tier|[Gen 9] VGC 2023 Regulation C\n|rated|\n|rule|Species Clause: Limit one of each Pok\u00e9mon\n|rule|Item Clause: Limit one of each item\n|clearpoke\n|poke|p1|Great Tusk, L50|\n|poke|p1|Annihilape, L50, F|\n|poke|p1|Maushold, L50|\n|poke|p1|Arcanine, L50, M|\n|poke|p1|Iron Bundle, L50|\n|poke|p1|Flutter Mane, L50|\n|poke|p2|Masquerain, L50, F|\n|poke|p2|Coalossal, L50, M|\n|poke|p2|Amoonguss, L50, F|\n|poke|p2|Arcanine, L50, M|\n|poke|p2|Palafin, L50, M|\n|poke|p2|Annihilape, L50, M|\n|teampreview|4\n|\n|t:|1681941530\n|start\n|switch|p1a: Maushold|Maushold, L50|100\/100\n|switch|p1b: Annihilape|Annihilape, L50, F|100\/100\n|switch|p2a: de Havilland|Masquerain, L50, F|100\/100\n|switch|p2b: Armavee|Coalossal, L50, M|100\/100\n|-ability|p2a: de Havilland|Intimidate|boost\n|-unboost|p1a: Maushold|atk|1\n|-unboost|p1b: Annihilape|atk|1\n|-ability|p1b: Annihilape|Defiant|boost\n|-boost|p1b: Annihilape|atk|2\n|turn|1\n|inactive|Battle timer is ON: inactive players will automatically lose when time's up. (requested by Sleepyhead1)\n|\n|t:|1681941553\n|move|p2b: Armavee|Protect|p2b: Armavee\n|-singleturn|p2b: Armavee|Protect\n|move|p2a: de Havilland|Haze|p2a: de Havilland\n|-clearallboost\n|move|p1a: Maushold|Beat Up|p1b: Annihilape\n|-damage|p1b: Annihilape|99\/100\n|-damage|p1b: Annihilape|97\/100\n|-damage|p1b: Annihilape|95\/100\n|-damage|p1b: Annihilape|93\/100\n|-hitcount|p1b: Annihilape|4\n|move|p1b: Annihilape|Drain Punch|p2b: Armavee\n|-activate|p2b: Armavee|move: Protect\n|\n|upkeep\n|turn|2\n|\n|t:|1681941562\n|move|p2a: de Havilland|Aqua Jet|p2b: Armavee\n|-supereffective|p2b: Armavee\n|-damage|p2b: Armavee|81\/100\n|-ability|p2b: Armavee|Steam Engine|boost\n|-boost|p2b: Armavee|spe|6\n|-enditem|p2b: Armavee|Weakness Policy\n|-boost|p2b: Armavee|atk|2|[from] item: Weakness Policy\n|-boost|p2b: Armavee|spa|2|[from] item: Weakness Policy\n|move|p1a: Maushold|Baby-Doll Eyes|p2b: Armavee\n|-unboost|p2b: Armavee|atk|1\n|move|p2b: Armavee|Heat Wave|p1b: Annihilape|[spread] p1a,p1b\n|-damage|p1a: Maushold|44\/100\n|-damage|p1b: Annihilape|49\/100\n|-status|p1b: Annihilape|brn\n|-enditem|p1b: Annihilape|Sitrus Berry|[eat]\n|-heal|p1b: Annihilape|74\/100 brn|[from] item: Sitrus Berry\n|move|p1b: Annihilape|Drain Punch|p2b: Armavee\n|-supereffective|p2b: Armavee\n|-damage|p2b: Armavee|50\/100\n|-heal|p1b: Annihilape|89\/100 brn|[from] drain|[of] p2b: Armavee\n|\n|-damage|p1b: Annihilape|83\/100 brn|[from] brn\n|upkeep\n|turn|3\n|\n|t:|1681941581\n|move|p1a: Maushold|Baby-Doll Eyes|p2b: Armavee\n|-unboost|p2b: Armavee|atk|1\n|move|p2b: Armavee|Heat Wave|p1a: Maushold|[spread] p1a,p1b\n|-damage|p1a: Maushold|0 fnt\n|-damage|p1b: Annihilape|43\/100 brn\n|faint|p1a: Maushold\n|move|p2a: de Havilland|Struggle Bug|p1b: Annihilape\n|-resisted|p1b: Annihilape\n|-damage|p1b: Annihilape|38\/100 brn\n|-unboost|p1b: Annihilape|spa|1\n|-ability|p1b: Annihilape|Defiant|boost\n|-boost|p1b: Annihilape|atk|2\n|move|p1b: Annihilape|Rage Fist|p2a: de Havilland\n|-damage|p2a: de Havilland|0 fnt\n|faint|p2a: de Havilland\n|\n|-damage|p1b: Annihilape|32\/100 brn|[from] brn\n|upkeep\n|\n|t:|1681941589\n|switch|p2a: Palafin|Palafin, L50, M|100\/100\n|switch|p1a: Iron Bundle|Iron Bundle, L50|100\/100\n|-enditem|p1a: Iron Bundle|Booster Energy\n|-activate|p1a: Iron Bundle|ability: Quark Drive|[fromitem]\n|-start|p1a: Iron Bundle|quarkdrivespe\n|turn|4\n|inactive|Sleepyhead1 has 30 seconds left.\n|\n|t:|1681941614\n|detailschange|p2a: Palafin|Palafin-Hero, L50, M\n|switch|p2a: Toad|Amoonguss, L50, F|100\/100\n|-terastallize|p1a: Iron Bundle|Water\n|move|p2b: Armavee|Heat Wave|p1a: Iron Bundle|[spread] p1a,p1b\n|-resisted|p1a: Iron Bundle\n|-damage|p1a: Iron Bundle|49\/100\n|-damage|p1b: Annihilape|0 fnt\n|faint|p1b: Annihilape\n|move|p1a: Iron Bundle|Freeze-Dry|p2a: Toad\n|-supereffective|p2a: Toad\n|-damage|p2a: Toad|41\/100\n|\n|upkeep\n|\n|t:|1681941620\n|switch|p1b: Arcanine|Arcanine, L50, M|100\/100\n|-ability|p1b: Arcanine|Intimidate|boost\n|-unboost|p2a: Toad|atk|1\n|-unboost|p2b: Armavee|atk|1\n|turn|5\n|\n|t:|1681941632\n|switch|p2a: Palafin|Palafin-Hero, L50, M|100\/100\n|-activate|p2a: Palafin|ability: Zero to Hero\n|-terastallize|p2b: Armavee|Grass\n|move|p2b: Armavee|Power Gem|p1b: Arcanine\n|-supereffective|p1b: Arcanine\n|-crit|p1b: Arcanine\n|-damage|p1b: Arcanine|0 fnt\n|faint|p1b: Arcanine\n|move|p1a: Iron Bundle|Freeze-Dry|p2a: Palafin\n|-supereffective|p2a: Palafin\n|-damage|p2a: Palafin|25\/100\n|\n|upkeep\n|turn|6\n|\n|t:|1681941642\n|switch|p2a: Toad|Amoonguss, L50, F|74\/100\n|move|p2b: Armavee|Tera Blast|p1a: Iron Bundle\n|-supereffective|p1a: Iron Bundle\n|-damage|p1a: Iron Bundle|0 fnt\n|faint|p1a: Iron Bundle\n|-end|p1a: Iron Bundle|Quark Drive|[silent]\n|\n|win|uhoh I poopd\n|raw|Sleepyhead1's rating: 1412 → 1387<\/strong> (-25 for losing)\n|raw|uhoh I poopd's rating: 1321 → 1346<\/strong> (+25 for winning)\n|l|\u203dSleepyhead1\n","uploadtime":1681941667,"views":5,"p1id":"sleepyhead1","p2id":"uhohipoopd","formatid":"gen9vgc2023regulationc","rating":1346,"private":0,"password":""}