{"id":"gen9vgc2023regulationc-1854460519","p1":"garfieldslaya","p2":"sayf1010","format":"[Gen 9] VGC 2023 Regulation C","log":"|j|\u2606garfieldslaya\n|j|\u2606sayf1010\n|t:|1682813765\n|gametype|doubles\n|player|p1|garfieldslaya|jasmine|1332\n|player|p2|sayf1010|2|1355\n|teamsize|p1|6\n|teamsize|p2|6\n|gen|9\n|tier|[Gen 9] VGC 2023 Regulation C\n|rated|\n|rule|Species Clause: Limit one of each Pok\u00e9mon\n|rule|Item Clause: Limit one of each item\n|clearpoke\n|poke|p1|Flutter Mane, L50|\n|poke|p1|Kingambit, L50, F|\n|poke|p1|Gyarados, L50, F|\n|poke|p1|Ting-Lu, L50|\n|poke|p1|Amoonguss, L50, M|\n|poke|p1|Farigiraf, L50, F|\n|poke|p2|Gholdengo, L50|\n|poke|p2|Wo-Chien, L50|\n|poke|p2|Iron Bundle, L50|\n|poke|p2|Glimmora, L50, M|\n|poke|p2|Dondozo, L50, M|\n|poke|p2|Tatsugiri-Droopy, L50, F|\n|teampreview|4\ngarfieldslaya has agreed to open team sheets.\n|inactive|Battle timer is ON: inactive players will automatically lose when time's up. (requested by sayf1010)\n|\n|t:|1682813793\n|start\n|switch|p1a: Ting-Lu|Ting-Lu, L50|100\/100\n|switch|p1b: Kingambit|Kingambit, L50, F|100\/100\n|switch|p2a: Gholdengo|Gholdengo, L50|100\/100\n|switch|p2b: Iron Bundle|Iron Bundle, L50|100\/100\n|-ability|p1a: Ting-Lu|Vessel of Ruin\n|-enditem|p2b: Iron Bundle|Booster Energy\n|-activate|p2b: Iron Bundle|ability: Quark Drive|[fromitem]\n|-start|p2b: Iron Bundle|quarkdrivespe\n|turn|1\n|\n|t:|1682813811\n|-terastallize|p2a: Gholdengo|Water\n|move|p1a: Ting-Lu|Protect|p1a: Ting-Lu\n|-singleturn|p1a: Ting-Lu|Protect\n|move|p2b: Iron Bundle|Hydro Pump|p1b: Kingambit\n|-damage|p1b: Kingambit|60\/100\n|move|p2a: Gholdengo|Nasty Plot|p2a: Gholdengo\n|-boost|p2a: Gholdengo|spa|2\n|move|p1b: Kingambit|Kowtow Cleave|p2a: Gholdengo\n|-damage|p2a: Gholdengo|57\/100\n|\n|upkeep\n|turn|2\n|inactive|garfieldslaya has 30 seconds left.\n|\n|t:|1682813840\n|-terastallize|p1a: Ting-Lu|Ground\n|move|p1b: Kingambit|Sucker Punch||[still]\n|-fail|p1b: Kingambit\n|move|p2b: Iron Bundle|Hydro Pump|p1b: Kingambit\n|-damage|p1b: Kingambit|19\/100\n|move|p2a: Gholdengo|Nasty Plot|p2a: Gholdengo\n|-boost|p2a: Gholdengo|spa|2\n|move|p1a: Ting-Lu|Earthquake|p2b: Iron Bundle|[spread] p1b,p2a,p2b\n|-supereffective|p1b: Kingambit\n|-damage|p1b: Kingambit|0 fnt\n|-damage|p2a: Gholdengo|0 fnt\n|-damage|p2b: Iron Bundle|17\/100\n|faint|p1b: Kingambit\n|faint|p2a: Gholdengo\n|-damage|p1a: Ting-Lu|91\/100|[from] item: Life Orb\n|\n|upkeep\n|\n|t:|1682813851\n|switch|p2a: Wo-Chien|Wo-Chien, L50|100\/100\n|switch|p1b: Gyarados|Gyarados, L50, F|100\/100\n|-ability|p1b: Gyarados|Intimidate|boost\n|-unboost|p2a: Wo-Chien|atk|1\n|-unboost|p2b: Iron Bundle|atk|1\n|-ability|p2a: Wo-Chien|Tablets of Ruin\n|turn|3\n|\n|t:|1682813868\n|move|p1b: Gyarados|Protect|p1b: Gyarados\n|-singleturn|p1b: Gyarados|Protect\n|move|p2b: Iron Bundle|Freeze-Dry|p1b: Gyarados\n|-activate|p1b: Gyarados|move: Protect\n|move|p2a: Wo-Chien|Leech Seed|p1a: Ting-Lu\n|-start|p1a: Ting-Lu|move: Leech Seed\n|move|p1a: Ting-Lu|Earthquake|p2b: Iron Bundle|[spread] p2a,p2b\n|-activate|p1b: Gyarados|move: Protect\n|-resisted|p2a: Wo-Chien\n|-damage|p2a: Wo-Chien|80\/100\n|-damage|p2b: Iron Bundle|0 fnt\n|faint|p2b: Iron Bundle\n|-end|p2b: Iron Bundle|Quark Drive|[silent]\n|-damage|p1a: Ting-Lu|81\/100|[from] item: Life Orb\n|\n|-heal|p2a: Wo-Chien|86\/100|[from] item: Leftovers\n|-damage|p1a: Ting-Lu|68\/100|[from] Leech Seed|[of] p2a: Wo-Chien\n|-heal|p2a: Wo-Chien|100\/100|[silent]\n|upkeep\n|\n|t:|1682813870\n|switch|p2b: Glimmora|Glimmora, L50, M|100\/100\n|turn|4\n|\n|t:|1682813882\n|switch|p1b: Amoonguss|Amoonguss, L50, M|100\/100\n|move|p2b: Glimmora|Mortal Spin|p1b: Amoonguss|[spread] p1a,p1b\n|-resisted|p1a: Ting-Lu\n|-damage|p1a: Ting-Lu|68\/100\n|-damage|p1b: Amoonguss|97\/100\n|-status|p1a: Ting-Lu|psn\n|-damage|p2b: Glimmora|84\/100|[from] item: Rocky Helmet|[of] p1b: Amoonguss\n|move|p2a: Wo-Chien|Pollen Puff|p2b: Glimmora\n|-heal|p2b: Glimmora|100\/100\n|move|p1a: Ting-Lu|Earthquake|p2b: Glimmora|[spread] p1b,p2a,p2b\n|-resisted|p2a: Wo-Chien\n|-supereffective|p2b: Glimmora\n|-damage|p1b: Amoonguss|52\/100\n|-damage|p2a: Wo-Chien|83\/100\n|-damage|p2b: Glimmora|0 fnt\n|-activate|p2b: Glimmora|ability: Toxic Debris\n|-sidestart|p1: garfieldslaya|move: Toxic Spikes\n|faint|p2b: Glimmora\n|-damage|p1a: Ting-Lu|58\/100 psn|[from] item: Life Orb\n|\n|-heal|p2a: Wo-Chien|89\/100|[from] item: Leftovers\n|-damage|p1a: Ting-Lu|46\/100 psn|[from] Leech Seed|[of] p2a: Wo-Chien\n|-heal|p2a: Wo-Chien|100\/100|[silent]\n|-damage|p1a: Ting-Lu|33\/100 psn|[from] psn\n|upkeep\n|turn|5\n|-message|sayf1010 forfeited.\n|\n|win|garfieldslaya\n|raw|garfieldslaya's rating: 1332 → 1353<\/strong> (+21 for winning)\n|raw|sayf1010's rating: 1355 → 1334<\/strong> (-21 for losing)\n|l|\u2606sayf1010\n","uploadtime":1682813897,"views":19,"p1id":"garfieldslaya","p2id":"sayf1010","formatid":"gen9vgc2023regulationc","rating":1334,"private":0,"password":""}