{"id":"gen9vgc2023regulationc-1862944492","p1":"KiryaeTest","p2":"guzzlightyearPRO","format":"[Gen 9] VGC 2023 Regulation C","log":"|j|\u2606KiryaeTest\n|j|\u2606guzzlightyearPRO\n|t:|1683941932\n|gametype|doubles\n|player|p1|KiryaeTest|169|1364\n|player|p2|guzzlightyearPRO|lucas|1272\n|teamsize|p1|6\n|teamsize|p2|6\n|gen|9\n|tier|[Gen 9] VGC 2023 Regulation C\n|rated|\n|rule|Species Clause: Limit one of each Pok\u00e9mon\n|rule|Item Clause: Limit one of each item\n|clearpoke\n|poke|p1|Farigiraf, L50, F|\n|poke|p1|Iron Hands, L50|\n|poke|p1|Flutter Mane, L50|\n|poke|p1|Ting-Lu, L50|\n|poke|p1|Baxcalibur, L50, M|\n|poke|p1|Gyarados, L50, F|\n|poke|p2|Torkoal, L50, F|\n|poke|p2|Jumpluff, L50, M|\n|poke|p2|Flutter Mane, L50|\n|poke|p2|Great Tusk, L50|\n|poke|p2|Chien-Pao, L50|\n|poke|p2|Kingambit, L50, M|\n|teampreview|4\n|inactive|Battle timer is ON: inactive players will automatically lose when time's up. (requested by KiryaeTest)\nKiryaeTest has agreed to open team sheets.\n|j| Mukked It Up\nguzzlightyearPRO has agreed to open team sheets.\n|inactive|KiryaeTest has 60 seconds left.\n|inactive|KiryaeTest has 30 seconds left.\n|inactive|KiryaeTest has 20 seconds left.\n|inactive|KiryaeTest has 15 seconds left.\n|\n|t:|1683942009\n|start\n|switch|p1a: Iron Hands|Iron Hands, L50|100\/100\n|switch|p1b: Gyarados|Gyarados, L50, F|100\/100\n|switch|p2a: Kingambit|Kingambit, L50, M|100\/100\n|switch|p2b: Chien-Pao|Chien-Pao, L50|100\/100\n|-ability|p2b: Chien-Pao|Sword of Ruin\n|-ability|p1b: Gyarados|Intimidate|boost\n|-unboost|p2a: Kingambit|atk|1\n|-ability|p2a: Kingambit|Defiant|boost\n|-boost|p2a: Kingambit|atk|2\n|-unboost|p2b: Chien-Pao|atk|1\n|turn|1\n|inactive|KiryaeTest has 30 seconds left.\n|inactive|guzzlightyearPRO has 30 seconds left.\n|inactive|KiryaeTest has 20 seconds left.\n|inactive|KiryaeTest has 15 seconds left.\n|inactive|KiryaeTest has 10 seconds left.\n|inactive|guzzlightyearPRO has 20 seconds left.\n|inactive|KiryaeTest has 5 seconds left.\n|inactive|guzzlightyearPRO has 15 seconds left.\n|\n|t:|1683942063\n|switch|p2b: Torkoal|Torkoal, L50, F|100\/100\n|-weather|SunnyDay|[from] ability: Drought|[of] p2b: Torkoal\n|move|p1a: Iron Hands|Fake Out|p2a: Kingambit\n|-resisted|p2a: Kingambit\n|-damage|p2a: Kingambit|95\/100\n|move|p1b: Gyarados|Thunder Wave|p2b: Torkoal\n|-status|p2b: Torkoal|par\n|cant|p2a: Kingambit|flinch\n|\n|-weather|SunnyDay|[upkeep]\n|upkeep\n|turn|2\n|inactive|KiryaeTest has 30 seconds left.\n|\n|t:|1683942090\n|-terastallize|p2a: Kingambit|Fire\n|move|p1b: Gyarados|Waterfall|p2a: Kingambit\n|-supereffective|p2a: Kingambit\n|-damage|p2a: Kingambit|73\/100\n|move|p2a: Kingambit|Kowtow Cleave|p1b: Gyarados\n|-damage|p1b: Gyarados|30\/100\n|move|p1a: Iron Hands|Drain Punch|p2a: Kingambit\n|-damage|p2a: Kingambit|40\/100\n|cant|p2b: Torkoal|par\n|\n|-weather|SunnyDay|[upkeep]\n|upkeep\n|turn|3\n|inactive|KiryaeTest has 30 seconds left.\n|inactive|KiryaeTest has 20 seconds left.\n|inactive|KiryaeTest has 15 seconds left.\n|inactive|KiryaeTest has 10 seconds left.\n|inactive|KiryaeTest has 5 seconds left.\n|\n|t:|1683942143\n|move|p1b: Gyarados|Waterfall|p2a: Kingambit\n|-supereffective|p2a: Kingambit\n|-damage|p2a: Kingambit|17\/100\n|move|p2a: Kingambit|Kowtow Cleave|p1b: Gyarados\n|-damage|p1b: Gyarados|0 fnt\n|faint|p1b: Gyarados\n|move|p1a: Iron Hands|Drain Punch|p2a: Kingambit\n|-damage|p2a: Kingambit|0 fnt\n|faint|p2a: Kingambit\n|move|p2b: Torkoal|Overheat|p1a: Iron Hands\n|-damage|p1a: Iron Hands|59\/100\n|-unboost|p2b: Torkoal|spa|2\n|-enditem|p2b: Torkoal|Eject Pack\n|\n|t:|1683942156\n|switch|p2b: Flutter Mane|Flutter Mane, L50|100\/100\n|-activate|p2b: Flutter Mane|ability: Protosynthesis\n|-start|p2b: Flutter Mane|protosynthesisspa\n|\n|-weather|SunnyDay|[upkeep]\n|upkeep\n|\n|t:|1683942163\n|switch|p1b: Ting-Lu|Ting-Lu, L50|100\/100\n|switch|p2a: Torkoal|Torkoal, L50, F|100\/100 par\n|-ability|p1b: Ting-Lu|Vessel of Ruin\n|turn|4\n|inactive|KiryaeTest has 30 seconds left.\n|inactive|KiryaeTest has 20 seconds left.\n|inactive|KiryaeTest has 15 seconds left.\n|inactive|KiryaeTest has 10 seconds left.\n|inactive|KiryaeTest has 5 seconds left.\n|\n|t:|1683942217\n|-terastallize|p1b: Ting-Lu|Poison\n|move|p2a: Torkoal|Helping Hand|p2b: Flutter Mane\n|-singleturn|p2b: Flutter Mane|Helping Hand|[of] p2a: Torkoal\n|move|p2b: Flutter Mane|Dazzling Gleam|p1b: Ting-Lu|[spread] p1a,p1b\n|-supereffective|p1a: Iron Hands\n|-resisted|p1b: Ting-Lu\n|-damage|p1a: Iron Hands|0 fnt\n|-damage|p1b: Ting-Lu|84\/100\n|faint|p1a: Iron Hands\n|-end|p1a: Iron Hands|Quark Drive|[silent]\n|move|p1b: Ting-Lu|Earthquake|p2a: Torkoal|[spread] p2a,p2b\n|-supereffective|p2a: Torkoal\n|-damage|p2a: Torkoal|45\/100 par\n|-damage|p2b: Flutter Mane|40\/100\n|\n|-weather|SunnyDay|[upkeep]\n|upkeep\n|\n|t:|1683942228\n|switch|p1a: Flutter Mane|Flutter Mane, L50|100\/100\n|-activate|p1a: Flutter Mane|ability: Protosynthesis\n|-start|p1a: Flutter Mane|protosynthesisspa\n|turn|5\n|inactive|KiryaeTest has 30 seconds left.\n|\n|t:|1683942254\n|move|p2a: Torkoal|Helping Hand|p2b: Flutter Mane\n|-singleturn|p2b: Flutter Mane|Helping Hand|[of] p2a: Torkoal\n|move|p1a: Flutter Mane|Protect|p1a: Flutter Mane\n|-singleturn|p1a: Flutter Mane|Protect\n|move|p2b: Flutter Mane|Dazzling Gleam|p1a: Flutter Mane|[spread] p1b\n|-activate|p1a: Flutter Mane|move: Protect\n|-resisted|p1b: Ting-Lu\n|-damage|p1b: Ting-Lu|69\/100\n|move|p1b: Ting-Lu|Earthquake|p2a: Torkoal|[spread] p2a,p2b\n|-activate|p1a: Flutter Mane|move: Protect\n|-supereffective|p2a: Torkoal\n|-damage|p2a: Torkoal|0 fnt\n|-damage|p2b: Flutter Mane|0 fnt\n|faint|p2a: Torkoal\n|faint|p2b: Flutter Mane\n|-end|p2b: Flutter Mane|Protosynthesis|[silent]\n|\n|-weather|none\n|-end|p1a: Flutter Mane|Protosynthesis\n|upkeep\n|-enditem|p1a: Flutter Mane|Booster Energy\n|-activate|p1a: Flutter Mane|ability: Protosynthesis|[fromitem]\n|-start|p1a: Flutter Mane|protosynthesisspa\n|c|\u2606guzzlightyearPRO|ggs\n|-message|guzzlightyearPRO forfeited.\n|\n|win|KiryaeTest\n|raw|KiryaeTest's rating: 1364 → 1379<\/strong> (+15 for winning)\n|raw|guzzlightyearPRO's rating: 1272 → 1253<\/strong> (-19 for losing)\n","uploadtime":1683942276,"views":10,"p1id":"kiryaetest","p2id":"guzzlightyearpro","formatid":"gen9vgc2023regulationc","rating":1253,"private":0,"password":""}