{"id":"gen9vgc2023regulationc-1853459693","p1":"ujdn","p2":"veegey","format":"[Gen 9] VGC 2023 Regulation C","log":"|j|\u2606ujdn\n|j|\u2606veegey\n|t:|1682687400\n|gametype|doubles\n|player|p1|ujdn|gambler|1062\n|player|p2|veegey|102|1031\n|teamsize|p1|6\n|teamsize|p2|6\n|gen|9\n|tier|[Gen 9] VGC 2023 Regulation C\n|rated|\n|rule|Species Clause: Limit one of each Pok\u00e9mon\n|rule|Item Clause: Limit one of each item\n|clearpoke\n|poke|p1|Annihilape, L50, M|\n|poke|p1|Talonflame, L50, F|\n|poke|p1|Maushold-Four, L50|\n|poke|p1|Iron Bundle, L50|\n|poke|p1|Iron Hands, L50|\n|poke|p1|Chien-Pao, L50|\n|poke|p2|Scovillain, L50, M|\n|poke|p2|Dragapult, L50, M|\n|poke|p2|Barraskewda, L50, M|\n|poke|p2|Corvisquire, L50, M|\n|poke|p2|Golduck, L50, M|\n|poke|p2|Pelipper, L50, M|\n|teampreview|4\n|inactive|Battle timer is ON: inactive players will automatically lose when time's up. (requested by veegey)\n|inactive|ujdn has 60 seconds left.\n|inactive|veegey has 60 seconds left.\nveegey rejected open team sheets.\n|inactive|ujdn has 30 seconds left.\n|\n|t:|1682687475\n|start\n|switch|p1a: Iron Hands|Iron Hands, L50, shiny|100\/100\n|switch|p1b: Chien-Pao|Chien-Pao, L50|100\/100\n|switch|p2a: Pelipper|Pelipper, L50, M|100\/100\n|switch|p2b: Barraskewda|Barraskewda, L50, M|100\/100\n|-ability|p1b: Chien-Pao|Sword of Ruin\n|-weather|RainDance|[from] ability: Drizzle|[of] p2a: Pelipper\n|turn|1\n|\n|t:|1682687497\n|move|p1a: Iron Hands|Fake Out|p2b: Barraskewda\n|-damage|p2b: Barraskewda|43\/100\n|cant|p2b: Barraskewda|flinch\n|move|p1b: Chien-Pao|Ice Spinner|p2a: Pelipper\n|-damage|p2a: Pelipper|32\/100\n|-damage|p1b: Chien-Pao|91\/100|[from] item: Life Orb\n|move|p2a: Pelipper|Chilling Water|p1a: Iron Hands\n|-damage|p1a: Iron Hands|78\/100\n|-unboost|p1a: Iron Hands|atk|1\n|\n|-weather|RainDance|[upkeep]\n|upkeep\n|turn|2\n|\n|t:|1682687522\n|-end|p1a: Iron Hands|Quark Drive|[silent]\n|switch|p1a: Iron Bundle|Iron Bundle, L50, shiny|100\/100\n|move|p2b: Barraskewda|Liquidation|p1a: Iron Bundle\n|-resisted|p1a: Iron Bundle\n|-damage|p1a: Iron Bundle|28\/100\n|move|p1b: Chien-Pao|Snowscape|p1b: Chien-Pao\n|-weather|Snow\n|move|p2a: Pelipper|Icy Wind|p1a: Iron Bundle|[spread] p1a,p1b\n|-resisted|p1a: Iron Bundle\n|-resisted|p1b: Chien-Pao\n|-damage|p1a: Iron Bundle|23\/100\n|-damage|p1b: Chien-Pao|84\/100\n|-unboost|p1a: Iron Bundle|spe|1\n|-unboost|p1b: Chien-Pao|spe|1\n|\n|-weather|Snow|[upkeep]\n|upkeep\n|turn|3\n|inactive|ujdn has 30 seconds left.\n|inactive|ujdn has 20 seconds left.\n|inactive|ujdn has 15 seconds left.\n|inactive|ujdn has 10 seconds left.\n|inactive|ujdn has 5 seconds left.\n|inactive|veegey has 30 seconds left.\n|\n|t:|1682687578\n|-end|p1a: Iron Bundle|Quark Drive|[silent]\n|switch|p1a: Annihilape|Annihilape, L50, M, shiny|100\/100\n|move|p2b: Barraskewda|Liquidation|p1a: Annihilape\n|-damage|p1a: Annihilape|19\/100\n|move|p1b: Chien-Pao|Ice Spinner|p2b: Barraskewda\n|-resisted|p2b: Barraskewda\n|-damage|p2b: Barraskewda|0 fnt\n|faint|p2b: Barraskewda\n|-damage|p1b: Chien-Pao|74\/100|[from] item: Life Orb\n|move|p2a: Pelipper|Chilling Water|p1b: Chien-Pao\n|-damage|p1b: Chien-Pao|47\/100\n|-unboost|p1b: Chien-Pao|atk|1\n|\n|-weather|Snow|[upkeep]\n|-heal|p1a: Annihilape|25\/100|[from] item: Leftovers\n|upkeep\n|\n|t:|1682687582\n|switch|p2b: Scovillain|Scovillain, L50, M|100\/100\n|turn|4\n|inactive|ujdn has 30 seconds left.\n|inactive|ujdn has 20 seconds left.\n|inactive|ujdn has 15 seconds left.\n|inactive|ujdn has 10 seconds left.\n|inactive|ujdn has 5 seconds left.\n|\n|t:|1682687632\n|switch|p2a: Golduck|Golduck, L50, M, shiny|100\/100\n|move|p2b: Scovillain|Energy Ball|p1a: Annihilape\n|-damage|p1a: Annihilape|0 fnt\n|faint|p1a: Annihilape\n|move|p1b: Chien-Pao|Sacred Sword|p2b: Scovillain\n|-damage|p2b: Scovillain|34\/100\n|-damage|p1b: Chien-Pao|37\/100|[from] item: Life Orb\n|\n|-weather|Snow|[upkeep]\n|upkeep\n|\n|t:|1682687643\n|switch|p1a: Iron Bundle|Iron Bundle, L50, shiny|23\/100\n|turn|5\n|\n|t:|1682687660\n|switch|p2b: Pelipper|Pelipper, L50, M|32\/100\n|-weather|RainDance|[from] ability: Drizzle|[of] p2b: Pelipper\n|switch|p1b: Iron Hands|Iron Hands, L50, shiny|78\/100\n|move|p2a: Golduck|Surf|p1a: Iron Bundle|[spread] p2b,p1a,p1b\n|-resisted|p2b: Pelipper\n|-resisted|p1a: Iron Bundle\n|-damage|p2b: Pelipper|0 fnt\n|-damage|p1a: Iron Bundle|0 fnt\n|-damage|p1b: Iron Hands|19\/100\n|faint|p2b: Pelipper\n|faint|p1a: Iron Bundle\n|-end|p1a: Iron Bundle|Quark Drive|[silent]\n|-damage|p2a: Golduck|91\/100|[from] item: Life Orb\n|\n|-weather|RainDance|[upkeep]\n|upkeep\n|-message|ujdn forfeited.\n|\n|win|veegey\n|raw|ujdn's rating: 1062 → 1041<\/strong> (-21 for losing)\n|raw|veegey's rating: 1031 → 1069<\/strong> (+38 for winning)\n|l|\u2606ujdn\n","uploadtime":1682687680,"views":10,"p1id":"ujdn","p2id":"veegey","formatid":"gen9vgc2023regulationc","rating":1041,"private":0,"password":""}