{"id":"gen9vgc2023regulationc-1859436633","p1":"pessopissaoyeye","p2":"M4tty02","format":"[Gen 9] VGC 2023 Regulation C","log":"|j|\u2606pessopissaoyeye\n|j|\u2606M4tty02\n|t:|1683467203\n|gametype|doubles\n|player|p1|pessopissaoyeye|brycenman|\n|player|p2|M4tty02|emmet|\n|teamsize|p1|6\n|teamsize|p2|6\n|gen|9\n|tier|[Gen 9] VGC 2023 Regulation C\n|rule|Species Clause: Limit one of each Pok\u00e9mon\n|rule|Item Clause: Limit one of each item\n|clearpoke\n|poke|p1|Palafin, L50, M|\n|poke|p1|Arcanine, L50, F|\n|poke|p1|Amoonguss, L50, F|\n|poke|p1|Ting-Lu, L50|\n|poke|p1|Iron Hands, L50|\n|poke|p1|Flutter Mane, L50|\n|poke|p2|Chi-Yu, L50|\n|poke|p2|Flutter Mane, L50|\n|poke|p2|Amoonguss, L50, F|\n|poke|p2|Iron Hands, L50|\n|poke|p2|Palafin, L50, F|\n|poke|p2|Arcanine, L50, M|\n|teampreview|4\n|inactive|Battle timer is ON: inactive players will automatically lose when time's up. (requested by pessopissaoyeye)\npessopissaoyeye has agreed to open team sheets.\nM4tty02 has agreed to open team sheets.\n|inactive|pessopissaoyeye has 60 seconds left.\n|inactive|M4tty02 has 60 seconds left.\n|inactive|pessopissaoyeye has 30 seconds left.\n|inactive|pessopissaoyeye has 20 seconds left.\n|inactive|pessopissaoyeye has 15 seconds left.\n|inactive|pessopissaoyeye has 10 seconds left.\n|\n|t:|1683467284\n|start\n|switch|p1a: Iron Hands|Iron Hands, L50|100\/100\n|switch|p1b: Palafin|Palafin, L50, M|100\/100\n|switch|p2a: Palafin|Palafin, L50, F, shiny|100\/100\n|switch|p2b: Arcanine|Arcanine, L50, M, shiny|100\/100\n|-ability|p2b: Arcanine|Intimidate|boost\n|-unboost|p1a: Iron Hands|atk|1\n|-unboost|p1b: Palafin|atk|1\n|turn|1\n|j| lucarioex555\n|inactive|M4tty02 has 30 seconds left.\n|\n|t:|1683467314\n|detailschange|p1b: Palafin|Palafin-Hero, L50, M\n|switch|p1b: Arcanine|Arcanine, L50, F|100\/100\n|-ability|p1b: Arcanine|Intimidate|boost\n|-unboost|p2a: Palafin|atk|1\n|-unboost|p2b: Arcanine|atk|1\n|detailschange|p2a: Palafin|Palafin-Hero, L50, F, shiny\n|switch|p2a: Amoonguss|Amoonguss, L50, F, shiny|100\/100\n|move|p2b: Arcanine|Protect|p2b: Arcanine\n|-singleturn|p2b: Arcanine|Protect\n|move|p1a: Iron Hands|Volt Switch|p2a: Amoonguss\n|-resisted|p2a: Amoonguss\n|-damage|p2a: Amoonguss|95\/100\n|\n|t:|1683467325\n|-end|p1a: Iron Hands|Quark Drive|[silent]\n|switch|p1a: Palafin|Palafin-Hero, L50, M|100\/100|[from] Volt Switch\n|-activate|p1a: Palafin|ability: Zero to Hero\n|\n|upkeep\n|turn|2\n|inactive|pessopissaoyeye has 30 seconds left.\n|inactive|M4tty02 has 30 seconds left.\n|inactive|pessopissaoyeye has 20 seconds left.\n|inactive|M4tty02 has 20 seconds left.\n|\n|t:|1683467364\n|-terastallize|p2a: Amoonguss|Water\n|move|p1a: Palafin|Protect|p1a: Palafin\n|-singleturn|p1a: Palafin|Protect\n|move|p2a: Amoonguss|Rage Powder|p2a: Amoonguss\n|-singleturn|p2a: Amoonguss|move: Rage Powder\n|move|p2b: Arcanine|Will-O-Wisp|p1a: Palafin\n|-activate|p1a: Palafin|move: Protect\n|move|p1b: Arcanine|Will-O-Wisp|p2a: Amoonguss\n|-status|p2a: Amoonguss|brn\n|\n|-damage|p2a: Amoonguss|89\/100 brn|[from] brn\n|upkeep\n|turn|3\n|inactive|M4tty02 has 30 seconds left.\n|\n|t:|1683467389\n|switch|p1b: Iron Hands|Iron Hands, L50|100\/100\n|switch|p1a: Flutter Mane|Flutter Mane, L50|100\/100\n|move|p2b: Arcanine|Protect|p2b: Arcanine\n|-singleturn|p2b: Arcanine|Protect\n|move|p2a: Amoonguss|Spore|p1a: Flutter Mane\n|-status|p1a: Flutter Mane|slp|[from] move: Spore\n|\n|-damage|p2a: Amoonguss|83\/100 brn|[from] brn\n|upkeep\n|turn|4\n|\n|t:|1683467413\n|-end|p1b: Iron Hands|Quark Drive|[silent]\n|switch|p1b: Arcanine|Arcanine, L50, F|100\/100\n|-ability|p1b: Arcanine|Intimidate|boost\n|-unboost|p2a: Amoonguss|atk|1\n|-unboost|p2b: Arcanine|atk|1\n|move|p2a: Amoonguss|Protect|p2a: Amoonguss\n|-singleturn|p2a: Amoonguss|Protect\n|cant|p1a: Flutter Mane|slp\n|move|p2b: Arcanine|Flare Blitz|p1a: Flutter Mane\n|-damage|p1a: Flutter Mane|56\/100 slp\n|-damage|p2b: Arcanine|90\/100|[from] Recoil\n|\n|-damage|p2a: Amoonguss|77\/100 brn|[from] brn\n|upkeep\n|turn|5\n|inactive|M4tty02 has 30 seconds left.\n|\n|t:|1683467444\n|switch|p2a: Palafin|Palafin-Hero, L50, F, shiny|100\/100\n|-activate|p2a: Palafin|ability: Zero to Hero\n|-curestatus|p1a: Flutter Mane|slp|[msg]\n|move|p1a: Flutter Mane|Thunderbolt|p2a: Palafin\n|-supereffective|p2a: Palafin\n|-damage|p2a: Palafin|9\/100\n|move|p2b: Arcanine|Flare Blitz|p1a: Flutter Mane\n|-crit|p1a: Flutter Mane\n|-damage|p1a: Flutter Mane|0 fnt\n|faint|p1a: Flutter Mane\n|-end|p1a: Flutter Mane|Protosynthesis|[silent]\n|-damage|p2b: Arcanine|76\/100|[from] Recoil\n|move|p1b: Arcanine|Howl|p1b: Arcanine\n|-boost|p1b: Arcanine|atk|1\n|\n|upkeep\n|\n|t:|1683467467\n|switch|p1a: Palafin|Palafin-Hero, L50, M|100\/100\n|turn|6\n|inactive|pessopissaoyeye has 30 seconds left.\n|\n|t:|1683467499\n|switch|p2b: Amoonguss|Amoonguss, L50, F, shiny, tera:Water|100\/100 brn\n|switch|p1b: Iron Hands|Iron Hands, L50|100\/100\n|move|p1a: Palafin|Protect|p1a: Palafin\n|-singleturn|p1a: Palafin|Protect\n|move|p2a: Palafin|Protect||[still]\n|-fail|p2a: Palafin\n|\n|-damage|p2b: Amoonguss|95\/100 brn|[from] brn\n|upkeep\n|turn|7\n|\n|t:|1683467516\n|switch|p2b: Arcanine|Arcanine, L50, M, shiny|76\/100\n|-ability|p2b: Arcanine|Intimidate|boost\n|-unboost|p1a: Palafin|atk|1\n|-unboost|p1b: Iron Hands|atk|1\n|move|p2a: Palafin|Protect|p2a: Palafin\n|-singleturn|p2a: Palafin|Protect\n|move|p1b: Iron Hands|Fake Out|p2a: Palafin\n|-activate|p2a: Palafin|move: Protect\n|move|p1a: Palafin|Substitute|p1a: Palafin\n|-start|p1a: Palafin|Substitute\n|-damage|p1a: Palafin|75\/100\n|\n|upkeep\n|turn|8\n|\n|t:|1683467537\n|switch|p2a: Amoonguss|Amoonguss, L50, F, shiny, tera:Water|100\/100 brn\n|-end|p1b: Iron Hands|Quark Drive|[silent]\n|switch|p1b: Arcanine|Arcanine, L50, F|100\/100\n|-ability|p1b: Arcanine|Intimidate|boost\n|-unboost|p2a: Amoonguss|atk|1\n|-unboost|p2b: Arcanine|atk|1\n|-terastallize|p1a: Palafin|Water\n|move|p2b: Arcanine|Protect|p2b: Arcanine\n|-singleturn|p2b: Arcanine|Protect\n|move|p1a: Palafin|Wave Crash|p2b: Arcanine\n|-activate|p2b: Arcanine|move: Protect\n|\n|-damage|p2a: Amoonguss|95\/100 brn|[from] brn\n|upkeep\n|turn|9\n|inactive|M4tty02 has 30 seconds left.\n|\n|t:|1683467572\n|switch|p2b: Flutter Mane|Flutter Mane, L50|100\/100\n|-enditem|p2b: Flutter Mane|Booster Energy\n|-activate|p2b: Flutter Mane|ability: Protosynthesis|[fromitem]\n|-start|p2b: Flutter Mane|protosynthesisspa\n|move|p2a: Amoonguss|Rage Powder|p2a: Amoonguss\n|-singleturn|p2a: Amoonguss|move: Rage Powder\n|move|p1b: Arcanine|Howl||[still]|[spread] p1a,p1b\n|-fail|p1b: Arcanine\n|-boost|p1b: Arcanine|atk|1\n|move|p1a: Palafin|Wave Crash|p2a: Amoonguss\n|-resisted|p2a: Amoonguss\n|-damage|p2a: Amoonguss|62\/100 brn\n|-damage|p1a: Palafin|63\/100|[from] Recoil\n|\n|-damage|p2a: Amoonguss|56\/100 brn|[from] brn\n|upkeep\n|turn|10\n|inactive|M4tty02 has 30 seconds left.\n|\n|t:|1683467603\n|-end|p2b: Flutter Mane|Protosynthesis|[silent]\n|switch|p2b: Arcanine|Arcanine, L50, M, shiny|76\/100\n|-ability|p2b: Arcanine|Intimidate|boost\n|-immune|p1a: Palafin\n|-unboost|p1b: Arcanine|atk|1\n|move|p1a: Palafin|Protect|p1a: Palafin\n|-singleturn|p1a: Palafin|Protect\n|move|p2a: Amoonguss|Rage Powder|p2a: Amoonguss\n|-singleturn|p2a: Amoonguss|move: Rage Powder\n|move|p1b: Arcanine|Flare Blitz|p2b: Arcanine\n|-resisted|p2b: Arcanine\n|-damage|p2b: Arcanine|49\/100\n|-damage|p1b: Arcanine|91\/100|[from] Recoil\n|\n|-damage|p2a: Amoonguss|50\/100 brn|[from] brn\n|upkeep\n|-enditem|p2a: Amoonguss|Sitrus Berry|[eat]\n|-heal|p2a: Amoonguss|75\/100 brn|[from] item: Sitrus Berry\n|turn|11\n|inactive|M4tty02 has 30 seconds left.\n|\n|t:|1683467637\n|move|p2b: Arcanine|Extreme Speed|p1a: Palafin\n|-activate|p1a: Palafin|move: Substitute|[damage]\n|move|p1b: Arcanine|Howl||[still]|[spread] p1a,p1b\n|-fail|p1b: Arcanine\n|-boost|p1b: Arcanine|atk|1\n|move|p1a: Palafin|Wave Crash|p2b: Arcanine\n|-supereffective|p2b: Arcanine\n|-damage|p2b: Arcanine|0 fnt\n|faint|p2b: Arcanine\n|-damage|p1a: Palafin|47\/100|[from] Recoil\n|move|p2a: Amoonguss|Pollen Puff|p2: Arcanine|[notarget]\n|-fail|p2a: Amoonguss\n|\n|-damage|p2a: Amoonguss|69\/100 brn|[from] brn\n|upkeep\n|\n|t:|1683467649\n|switch|p2b: Palafin|Palafin-Hero, L50, F, shiny|9\/100\n|turn|12\n|\n|t:|1683467664\n|move|p1b: Arcanine|Protect|p1b: Arcanine\n|-singleturn|p1b: Arcanine|Protect\n|move|p2a: Amoonguss|Rage Powder|p2a: Amoonguss\n|-singleturn|p2a: Amoonguss|move: Rage Powder\n|move|p2b: Palafin|Jet Punch|p1b: Arcanine\n|-activate|p1b: Arcanine|move: Protect\n|move|p1a: Palafin|Wave Crash|p2a: Amoonguss\n|-resisted|p2a: Amoonguss\n|-damage|p2a: Amoonguss|37\/100 brn\n|-damage|p1a: Palafin|35\/100|[from] Recoil\n|\n|-damage|p2a: Amoonguss|31\/100 brn|[from] brn\n|upkeep\n|turn|13\n|inactive|M4tty02 has 30 seconds left.\n|inactive|M4tty02 has 20 seconds left.\n|\n|t:|1683467699\n|switch|p1b: Iron Hands|Iron Hands, L50|100\/100\n|move|p2a: Amoonguss|Protect|p2a: Amoonguss\n|-singleturn|p2a: Amoonguss|Protect\n|move|p2b: Palafin|Jet Punch|p1b: Iron Hands\n|-crit|p1b: Iron Hands\n|-damage|p1b: Iron Hands|53\/100\n|move|p1a: Palafin|Wave Crash|p2b: Palafin\n|-resisted|p2b: Palafin\n|-damage|p2b: Palafin|0 fnt\n|faint|p2b: Palafin\n|-damage|p1a: Palafin|32\/100|[from] Recoil\n|\n|-damage|p2a: Amoonguss|25\/100 brn|[from] brn\n|upkeep\n|\n|t:|1683467702\n|switch|p2b: Flutter Mane|Flutter Mane, L50|100\/100\n|turn|14\n|\n|t:|1683467720\n|move|p1b: Iron Hands|Fake Out|p2a: Amoonguss\n|-damage|p2a: Amoonguss|11\/100 brn\n|move|p2b: Flutter Mane|Dazzling Gleam|p1a: Palafin|[spread] p1a,p1b\n|-end|p1a: Palafin|Substitute\n|-supereffective|p1b: Iron Hands\n|-damage|p1b: Iron Hands|19\/100\n|move|p1a: Palafin|Wave Crash|p2b: Flutter Mane\n|-damage|p2b: Flutter Mane|0 fnt\n|faint|p2b: Flutter Mane\n|-end|p2b: Flutter Mane|Protosynthesis|[silent]\n|-damage|p1a: Palafin|4\/100|[from] Recoil\n|cant|p2a: Amoonguss|flinch\n|\n|-damage|p2a: Amoonguss|5\/100 brn|[from] brn\n|upkeep\n|turn|15\n|\n|t:|1683467731\n|move|p1a: Palafin|Jet Punch|p2a: Amoonguss\n|-resisted|p2a: Amoonguss\n|-damage|p2a: Amoonguss|0 fnt\n|faint|p2a: Amoonguss\n|\n|win|pessopissaoyeye\n|c|\u2606M4tty02|gg\n|c|\u2606pessopissaoyeye|gg\n|l| lucarioex555\n|j| lucarioex555\n|l| lucarioex555\n|l|\u2606M4tty02\n|j|\u2606M4tty02\n|player|p2|M4tty02|emmet\n|l|\u2606M4tty02\n|player|p2|\n|j|\u2606M4tty02\n|player|p2|M4tty02|emmet\n|l|\u2606M4tty02\n|player|p2|\n|j|\u2606M4tty02\n|player|p2|M4tty02|emmet\n","uploadtime":1683468846,"views":12,"p1id":"pessopissaoyeye","p2id":"m4tty02","formatid":"gen9vgc2023regulationc","rating":0,"private":0,"password":""}