{"id":"gen9vgc2023regulationc-1860791257","p1":"kenyuhhh0602","p2":"THUUUUD","format":"[Gen 9] VGC 2023 Regulation C","log":"|j|\u2606kenyuhhh0602\n|j|\u2606THUUUUD\n|t:|1683678352\n|gametype|doubles\n|player|p1|kenyuhhh0602|1|1000\n|player|p2|THUUUUD|ethan|1031\n|teamsize|p1|6\n|teamsize|p2|6\n|gen|9\n|tier|[Gen 9] VGC 2023 Regulation C\n|rated|\n|rule|Species Clause: Limit one of each Pok\u00e9mon\n|rule|Item Clause: Limit one of each item\n|clearpoke\n|poke|p1|Ting-Lu, L50|\n|poke|p1|Arcanine, L50, M|\n|poke|p1|Palafin, L50, F|\n|poke|p1|Amoonguss, L50, F|\n|poke|p1|Flutter Mane, L50|\n|poke|p1|Kingambit, L50, M|\n|poke|p2|Annihilape, L50, M|\n|poke|p2|Maushold-Four, L50|\n|poke|p2|Flutter Mane, L50|\n|poke|p2|Volcarona, L50, M|\n|poke|p2|Dondozo, L50, F|\n|poke|p2|Tatsugiri, L50, F|\n|teampreview|4\n|inactive|Battle timer is ON: inactive players will automatically lose when time's up. (requested by THUUUUD)\nTHUUUUD has agreed to open team sheets.\n|inactive|kenyuhhh0602 has 60 seconds left.\n|\n|t:|1683678411\n|start\n|switch|p1a: Amoonguss|Amoonguss, L50, F|100\/100\n|switch|p1b: Flutter Mane|Flutter Mane, L50|100\/100\n|switch|p2a: Dondozo|Dondozo, L50, F|100\/100\n|switch|p2b: Tatsugiri|Tatsugiri, L50, F|100\/100\n|-activate|p2b: Tatsugiri|ability: Commander|[of] p2a: Dondozo\n|-boost|p2a: Dondozo|atk|2\n|-boost|p2a: Dondozo|spa|2\n|-boost|p2a: Dondozo|spe|2\n|-boost|p2a: Dondozo|def|2\n|-boost|p2a: Dondozo|spd|2\n|turn|1\n|inactive|THUUUUD has 30 seconds left.\n|\n|t:|1683678445\n|move|p1b: Flutter Mane|Protect|p1b: Flutter Mane\n|-singleturn|p1b: Flutter Mane|Protect\n|move|p2a: Dondozo|Order Up|p1a: Amoonguss\n|-damage|p1a: Amoonguss|54\/100\n|-boost|p2a: Dondozo|atk|1\n|move|p1a: Amoonguss|Spore|p2a: Dondozo\n|-status|p2a: Dondozo|slp|[from] move: Spore\n|\n|-heal|p1a: Amoonguss|60\/100|[from] item: Leftovers\n|upkeep\n|turn|2\n|inactive|kenyuhhh0602 has 30 seconds left.\n|inactive|kenyuhhh0602 has 20 seconds left.\n|inactive|kenyuhhh0602 has 15 seconds left.\n|\n|t:|1683678486\n|-end|p1b: Flutter Mane|Protosynthesis|[silent]\n|switch|p1b: Kingambit|Kingambit, L50, M|100\/100\n|switch|p1a: Palafin|Palafin, L50, F|100\/100\n|cant|p2a: Dondozo|slp\n|\n|upkeep\n|turn|3\n|\n|t:|1683678505\n|cant|p2a: Dondozo|slp\n|move|p1a: Palafin|Drain Punch|p2a: Dondozo\n|-damage|p2a: Dondozo|92\/100 slp\n|move|p1b: Kingambit|Kowtow Cleave|p2a: Dondozo\n|-damage|p2a: Dondozo|72\/100 slp\n|\n|-heal|p2a: Dondozo|78\/100 slp|[from] item: Leftovers\n|upkeep\n|turn|4\n|\n|t:|1683678518\n|detailschange|p1a: Palafin|Palafin-Hero, L50, F\n|switch|p1a: Amoonguss|Amoonguss, L50, F|93\/100\n|move|p1b: Kingambit|Protect|p1b: Kingambit\n|-singleturn|p1b: Kingambit|Protect\n|-curestatus|p2a: Dondozo|slp|[msg]\n|move|p2a: Dondozo|Order Up|p1a: Amoonguss\n|-damage|p1a: Amoonguss|36\/100\n|-boost|p2a: Dondozo|atk|1\n|\n|-heal|p2a: Dondozo|84\/100|[from] item: Leftovers\n|-heal|p1a: Amoonguss|42\/100|[from] item: Leftovers\n|upkeep\n|turn|5\n|inactive|kenyuhhh0602 has 30 seconds left.\n|\n|t:|1683678543\n|-terastallize|p1b: Kingambit|Dark\n|move|p1a: Amoonguss|Protect|p1a: Amoonguss\n|-singleturn|p1a: Amoonguss|Protect\n|move|p1b: Kingambit|Sucker Punch||[still]\n|-fail|p1b: Kingambit\n|move|p2a: Dondozo|Substitute|p2a: Dondozo\n|-start|p2a: Dondozo|Substitute\n|-damage|p2a: Dondozo|59\/100\n|\n|-heal|p2a: Dondozo|65\/100|[from] item: Leftovers\n|-heal|p1a: Amoonguss|48\/100|[from] item: Leftovers\n|upkeep\n|turn|6\n|inactive|kenyuhhh0602 has 30 seconds left.\n|\n|t:|1683678569\n|move|p1a: Amoonguss|Rage Powder|p1a: Amoonguss\n|-singleturn|p1a: Amoonguss|move: Rage Powder\n|move|p1b: Kingambit|Sucker Punch|p2a: Dondozo\n|-activate|p2a: Dondozo|move: Substitute|[damage]\n|move|p2a: Dondozo|Order Up|p1a: Amoonguss\n|-crit|p1a: Amoonguss\n|-damage|p1a: Amoonguss|0 fnt\n|faint|p1a: Amoonguss\n|-boost|p2a: Dondozo|atk|1\n|\n|-heal|p2a: Dondozo|72\/100|[from] item: Leftovers\n|upkeep\n|\n|t:|1683678584\n|switch|p1a: Flutter Mane|Flutter Mane, L50|100\/100\n|turn|7\n|inactive|THUUUUD has 30 seconds left.\n|\n|t:|1683678609\n|move|p1b: Kingambit|Sucker Punch|p2a: Dondozo\n|-crit|p2a: Dondozo\n|-end|p2a: Dondozo|Substitute\n|move|p2a: Dondozo|Wave Crash|p1b: Kingambit\n|-damage|p1b: Kingambit|0 fnt\n|faint|p1b: Kingambit\n|-damage|p2a: Dondozo|43\/100|[from] Recoil\n|move|p1a: Flutter Mane|Moonblast|p2a: Dondozo\n|-damage|p2a: Dondozo|1\/100\n|\n|-heal|p2a: Dondozo|7\/100|[from] item: Leftovers\n|upkeep\n|\n|t:|1683678621\n|switch|p1b: Palafin|Palafin-Hero, L50, F|100\/100\n|-activate|p1b: Palafin|ability: Zero to Hero\n|turn|8\n|\n|t:|1683678639\n|move|p1b: Palafin|Jet Punch|p2a: Dondozo\n|-resisted|p2a: Dondozo\n|-crit|p2a: Dondozo\n|-damage|p2a: Dondozo|0 fnt\n|faint|p2a: Dondozo\n|move|p1a: Flutter Mane|Moonblast|p2b: Tatsugiri\n|-supereffective|p2b: Tatsugiri\n|-damage|p2b: Tatsugiri|0 fnt\n|faint|p2b: Tatsugiri\n|\n|upkeep\n|\n|t:|1683678647\n|switch|p2b: Volcarona|Volcarona, L50, M|100\/100\n|switch|p2a: Flutter Mane|Flutter Mane, L50|100\/100\n|turn|9\n|inactive|THUUUUD has 30 seconds left.\n|\n|t:|1683678681\n|-terastallize|p2b: Volcarona|Water\n|move|p1b: Palafin|Jet Punch|p2a: Flutter Mane\n|-damage|p2a: Flutter Mane|0 fnt\n|faint|p2a: Flutter Mane\n|-end|p2a: Flutter Mane|Protosynthesis|[silent]\n|move|p2b: Volcarona|Overheat|p1a: Flutter Mane\n|-damage|p1a: Flutter Mane|38\/100\n|-unboost|p2b: Volcarona|spa|2\n|move|p1a: Flutter Mane|Moonblast|p2b: Volcarona\n|-damage|p2b: Volcarona|16\/100\n|\n|upkeep\n|turn|10\n|-message|THUUUUD forfeited.\n|\n|win|kenyuhhh0602\n|raw|kenyuhhh0602's rating: 1000 → 1044<\/strong> (+44 for winning)\n|raw|THUUUUD's rating: 1031 → 1015<\/strong> (-16 for losing)\n|l|\u2606THUUUUD\n|c|\u2606kenyuhhh0602|gg\n","uploadtime":1683679002,"views":19,"p1id":"kenyuhhh0602","p2id":"thuuuud","formatid":"gen9vgc2023regulationc","rating":1015,"private":0,"password":""}