{"id":"gen9vgc2023regulationc-1862129064","p1":"Neofalcon137","p2":"gialix","format":"[Gen 9] VGC 2023 Regulation C","log":"|j|\u2606Neofalcon137\n|j|\u2606gialix\n|t:|1683840034\n|gametype|doubles\n|player|p1|Neofalcon137|hilbert|1256\n|player|p2|gialix|hilbert|1346\n|teamsize|p1|6\n|teamsize|p2|6\n|gen|9\n|tier|[Gen 9] VGC 2023 Regulation C\n|rated|\n|rule|Species Clause: Limit one of each Pok\u00e9mon\n|rule|Item Clause: Limit one of each item\n|clearpoke\n|poke|p1|Tatsugiri, L50, M|\n|poke|p1|Dondozo, L50, F|\n|poke|p1|Glimmora, L50, F|\n|poke|p1|Flutter Mane, L50|\n|poke|p1|Chi-Yu, L50|\n|poke|p1|Iron Bundle, L50|\n|poke|p2|Arcanine, L50, F|\n|poke|p2|Flutter Mane, L50|\n|poke|p2|Palafin, L50, F|\n|poke|p2|Dragonite, L50, F|\n|poke|p2|Chien-Pao, L50|\n|poke|p2|Iron Hands, L50|\n|teampreview|4\n|\n|t:|1683840076\n|start\n|switch|p1a: \u6676\u5149\u82b1|Glimmora, L50, F|100\/100\n|switch|p1b: \u94c1\u5305\u88b1|Iron Bundle, L50|100\/100\n|switch|p2a: Iron Hands|Iron Hands, L50|100\/100\n|switch|p2b: Palafin|Palafin, L50, F, shiny|100\/100\n|-enditem|p1b: \u94c1\u5305\u88b1|Booster Energy\n|-activate|p1b: \u94c1\u5305\u88b1|ability: Quark Drive|[fromitem]\n|-start|p1b: \u94c1\u5305\u88b1|quarkdrivespe\n|turn|1\n|\n|t:|1683840107\n|-end|p1b: \u94c1\u5305\u88b1|Quark Drive|[silent]\n|switch|p1b: \u5403\u543c\u9738|Dondozo, L50, F|100\/100\n|detailschange|p2b: Palafin|Palafin-Hero, L50, F, shiny\n|switch|p2b: Chien-Pao|Chien-Pao, L50|100\/100\n|-ability|p2b: Chien-Pao|Sword of Ruin\n|move|p1a: \u6676\u5149\u82b1|Mortal Spin|p2b: Chien-Pao|[spread] p2a,p2b\n|-damage|p2a: Iron Hands|97\/100\n|-damage|p2b: Chien-Pao|95\/100\n|-status|p2a: Iron Hands|psn\n|-status|p2b: Chien-Pao|psn\n|move|p2a: Iron Hands|Drain Punch|p1b: \u5403\u543c\u9738\n|-damage|p1b: \u5403\u543c\u9738|56\/100\n|-heal|p2a: Iron Hands|100\/100 psn|[from] drain|[of] p1b: \u5403\u543c\u9738\n|\n|-heal|p1b: \u5403\u543c\u9738|62\/100|[from] item: Leftovers\n|-damage|p2b: Chien-Pao|83\/100 psn|[from] psn\n|-damage|p2a: Iron Hands|88\/100 psn|[from] psn\n|upkeep\n|turn|2\n|\n|t:|1683840153\n|switch|p1a: \u7c73\u7acb\u9f99|Tatsugiri, L50, M|100\/100\n|-activate|p1a: \u7c73\u7acb\u9f99|ability: Commander|[of] p1b: \u5403\u543c\u9738\n|-boost|p1b: \u5403\u543c\u9738|atk|2\n|-boost|p1b: \u5403\u543c\u9738|spa|2\n|-boost|p1b: \u5403\u543c\u9738|spe|2\n|-boost|p1b: \u5403\u543c\u9738|def|2\n|-boost|p1b: \u5403\u543c\u9738|spd|2\n|-terastallize|p1b: \u5403\u543c\u9738|Grass\n|move|p2b: Chien-Pao|Ice Spinner|p1b: \u5403\u543c\u9738\n|-supereffective|p1b: \u5403\u543c\u9738\n|-damage|p1b: \u5403\u543c\u9738|25\/100\n|move|p1b: \u5403\u543c\u9738|Earthquake|p2b: Chien-Pao|[spread] p2a,p2b\n|-miss|p1b: \u5403\u543c\u9738|p1a: \u7c73\u7acb\u9f99\n|-supereffective|p2a: Iron Hands\n|-damage|p2a: Iron Hands|16\/100 psn\n|-damage|p2b: Chien-Pao|27\/100 psn\n|move|p2a: Iron Hands|Wild Charge|p1b: \u5403\u543c\u9738\n|-resisted|p1b: \u5403\u543c\u9738\n|-damage|p1b: \u5403\u543c\u9738|12\/100\n|-damage|p2a: Iron Hands|13\/100 psn|[from] Recoil\n|\n|-heal|p1b: \u5403\u543c\u9738|18\/100|[from] item: Leftovers\n|-damage|p2b: Chien-Pao|15\/100 psn|[from] psn\n|-damage|p2a: Iron Hands|0 fnt|[from] psn\n|faint|p2a: Iron Hands\n|-end|p2a: Iron Hands|Quark Drive|[silent]\n|upkeep\n|\n|t:|1683840190\n|switch|p2a: Palafin|Palafin-Hero, L50, F, shiny|100\/100\n|-activate|p2a: Palafin|ability: Zero to Hero\n|turn|3\n|\n|t:|1683840223\n|move|p1b: \u5403\u543c\u9738|Protect|p1b: \u5403\u543c\u9738\n|-singleturn|p1b: \u5403\u543c\u9738|Protect\n|move|p2b: Chien-Pao|Ice Spinner|p1b: \u5403\u543c\u9738\n|-activate|p1b: \u5403\u543c\u9738|move: Protect\n|move|p2a: Palafin|Substitute|p2a: Palafin\n|-start|p2a: Palafin|Substitute\n|-damage|p2a: Palafin|76\/100\n|\n|-heal|p1b: \u5403\u543c\u9738|24\/100|[from] item: Leftovers\n|-damage|p2b: Chien-Pao|3\/100 psn|[from] psn\n|upkeep\n|turn|4\n|\n|t:|1683840241\n|move|p2b: Chien-Pao|Ice Spinner|p1b: \u5403\u543c\u9738\n|-supereffective|p1b: \u5403\u543c\u9738\n|-damage|p1b: \u5403\u543c\u9738|0 fnt\n|faint|p1b: \u5403\u543c\u9738\n|move|p2a: Palafin|Wave Crash|p1a: \u7c73\u7acb\u9f99\n|-resisted|p1a: \u7c73\u7acb\u9f99\n|-damage|p1a: \u7c73\u7acb\u9f99|39\/100\n|-damage|p2a: Palafin|61\/100|[from] Recoil\n|\n|-damage|p2b: Chien-Pao|0 fnt|[from] psn\n|faint|p2b: Chien-Pao\n|upkeep\n|\n|t:|1683840255\n|switch|p2b: Flutter Mane|Flutter Mane, L50|100\/100\n|switch|p1b: \u94c1\u5305\u88b1|Iron Bundle, L50|100\/100\n|turn|5\n|\n|t:|1683840305\n|-terastallize|p2b: Flutter Mane|Fairy\n|move|p2a: Palafin|Jet Punch|p1b: \u94c1\u5305\u88b1\n|-resisted|p1b: \u94c1\u5305\u88b1\n|-damage|p1b: \u94c1\u5305\u88b1|71\/100\n|move|p1a: \u7c73\u7acb\u9f99|Muddy Water|p2b: Flutter Mane|[spread] p2a,p2b\n|-resisted|p2a: Palafin\n|-activate|p2a: Palafin|move: Substitute|[damage]\n|-damage|p2b: Flutter Mane|70\/100\n|move|p1b: \u94c1\u5305\u88b1|Freeze-Dry|p2b: Flutter Mane\n|-damage|p2b: Flutter Mane|42\/100\n|move|p2b: Flutter Mane|Dazzling Gleam|p1b: \u94c1\u5305\u88b1|[spread] p1a,p1b\n|-supereffective|p1a: \u7c73\u7acb\u9f99\n|-damage|p1a: \u7c73\u7acb\u9f99|0 fnt\n|-damage|p1b: \u94c1\u5305\u88b1|0 fnt\n|faint|p1a: \u7c73\u7acb\u9f99\n|faint|p1b: \u94c1\u5305\u88b1\n|-end|p1b: \u94c1\u5305\u88b1|Quark Drive|[silent]\n|\n|upkeep\n|-message|Neofalcon137 forfeited.\n|\n|win|gialix\n|raw|Neofalcon137's rating: 1256 → 1237<\/strong> (-19 for losing)\n|raw|gialix's rating: 1346 → 1361<\/strong> (+15 for winning)\n|l|\u2606Neofalcon137\n","uploadtime":1683840334,"views":15,"p1id":"neofalcon137","p2id":"gialix","formatid":"gen9vgc2023regulationc","rating":1237,"private":0,"password":""}