{"id":"gen9vgc2023regulationc-1851140060","p1":"ReSalmone","p2":"MistressQueenM","format":"[Gen 9] VGC 2023 Regulation C","log":"|j|\u2606ReSalmone\n|j|\u2606MistressQueenM\n|t:|1682415819\n|gametype|doubles\n|player|p1|ReSalmone|palmer|1127\n|player|p2|MistressQueenM|veteranf|1169\n|teamsize|p1|6\n|teamsize|p2|6\n|gen|9\n|tier|[Gen 9] VGC 2023 Regulation C\n|rated|\n|rule|Species Clause: Limit one of each Pok\u00e9mon\n|rule|Item Clause: Limit one of each item\n|clearpoke\n|poke|p1|Orthworm, L50, M|\n|poke|p1|Ting-Lu, L50|\n|poke|p1|Chien-Pao, L50|\n|poke|p1|Arcanine, L50, F|\n|poke|p1|Dragonite, L50, M|\n|poke|p1|Flutter Mane, L50|\n|poke|p2|Wo-Chien, L50|\n|poke|p2|Torkoal, L50, M|\n|poke|p2|Garganacl, L50, F|\n|poke|p2|Great Tusk, L50|\n|poke|p2|Murkrow, L50, M|\n|poke|p2|Farigiraf, L50, F|\n|teampreview|4\n|inactive|Battle timer is ON: inactive players will automatically lose when time's up. (requested by ReSalmone)\nMistressQueenM rejected open team sheets.\n|inactive|ReSalmone has 60 seconds left.\n|\n|t:|1682415856\n|start\n|switch|p1a: Orthworm|Orthworm, L50, M|100\/100\n|switch|p1b: Arcanine|Arcanine, L50, F|100\/100\n|switch|p2a: Fool|Murkrow, L50, M|100\/100\n|switch|p2b: Curvedbeast|Great Tusk, L50|100\/100\n|-ability|p1b: Arcanine|Intimidate|boost\n|-unboost|p2a: Fool|atk|1\n|-unboost|p2b: Curvedbeast|atk|1\n|turn|1\n|inactive|ReSalmone has 30 seconds left.\n|\n|t:|1682415887\n|move|p2b: Curvedbeast|Protect|p2b: Curvedbeast\n|-singleturn|p2b: Curvedbeast|Protect\n|move|p2a: Fool|Thunder Wave|p1b: Arcanine\n|-status|p1b: Arcanine|par\n|move|p1a: Orthworm|Heavy Slam|p2a: Fool\n|-damage|p2a: Fool|52\/100\n|move|p1b: Arcanine|Will-O-Wisp|p2b: Curvedbeast\n|-activate|p2b: Curvedbeast|move: Protect\n|\n|upkeep\n|turn|2\n|inactive|ReSalmone has 30 seconds left.\n|\n|t:|1682415912\n|-end|p2b: Curvedbeast|Protosynthesis|[silent]\n|switch|p2b: CoffeeCube|Garganacl, L50, F, shiny|100\/100\n|switch|p1b: Ting-Lu|Ting-Lu, L50|100\/100\n|-ability|p1b: Ting-Lu|Vessel of Ruin\n|move|p2a: Fool|Thunder Wave|p1a: Orthworm\n|-status|p1a: Orthworm|par\n|cant|p1a: Orthworm|par\n|\n|upkeep\n|turn|3\n|\n|t:|1682415928\n|-terastallize|p2b: CoffeeCube|Flying\n|move|p2a: Fool|Tailwind|p2a: Fool\n|-sidestart|p2: MistressQueenM|move: Tailwind\n|move|p2b: CoffeeCube|Iron Defense|p2b: CoffeeCube\n|-boost|p2b: CoffeeCube|def|2\n|move|p1b: Ting-Lu|Bulldoze|p2b: CoffeeCube|[spread] \n|-immune|p1a: Orthworm|[from] ability: Earth Eater\n|-immune|p2a: Fool\n|-immune|p2b: CoffeeCube\n|cant|p1a: Orthworm|par\n|\n|upkeep\n|turn|4\n|\n|t:|1682415940\n|move|p2a: Fool|Taunt|p1a: Orthworm\n|-start|p1a: Orthworm|move: Taunt\n|move|p2b: CoffeeCube|Iron Defense|p2b: CoffeeCube\n|-boost|p2b: CoffeeCube|def|2\n|move|p1b: Ting-Lu|Ruination|p2b: CoffeeCube\n|-damage|p2b: CoffeeCube|51\/100\n|cant|p1a: Orthworm|par\n|\n|-heal|p2b: CoffeeCube|57\/100|[from] item: Leftovers\n|upkeep\n|turn|5\n|\n|t:|1682415961\n|move|p2a: Fool|Foul Play|p1b: Ting-Lu\n|-resisted|p1b: Ting-Lu\n|-damage|p1b: Ting-Lu|87\/100\n|move|p2b: CoffeeCube|Salt Cure|p1b: Ting-Lu\n|-resisted|p1b: Ting-Lu\n|-damage|p1b: Ting-Lu|82\/100\n|-start|p1b: Ting-Lu|Salt Cure\n|move|p1b: Ting-Lu|Heavy Slam|p2a: Fool\n|-damage|p2a: Fool|4\/100\n|cant|p1a: Orthworm|par\n|\n|-heal|p2b: CoffeeCube|62\/100|[from] item: Leftovers\n|-damage|p1b: Ting-Lu|70\/100|[from] Salt Cure\n|upkeep\n|turn|6\n|\n|t:|1682415979\n|switch|p2a: Curvedbeast|Great Tusk, L50|100\/100\n|move|p2b: CoffeeCube|Iron Defense|p2b: CoffeeCube\n|-boost|p2b: CoffeeCube|def|2\n|move|p1b: Ting-Lu|Ruination|p2b: CoffeeCube\n|-damage|p2b: CoffeeCube|31\/100\n|move|p1a: Orthworm|Body Press|p2a: Curvedbeast\n|-damage|p2a: Curvedbeast|79\/100\n|\n|-heal|p2b: CoffeeCube|37\/100|[from] item: Leftovers\n|-damage|p1b: Ting-Lu|58\/100|[from] Salt Cure\n|-end|p1a: Orthworm|move: Taunt\n|-sideend|p2: MistressQueenM|move: Tailwind\n|upkeep\n|turn|7\n|inactive|ReSalmone has 30 seconds left.\n|inactive|ReSalmone has 20 seconds left.\n|\n|t:|1682416018\n|move|p2a: Curvedbeast|Close Combat|p1b: Ting-Lu\n|-supereffective|p1b: Ting-Lu\n|-damage|p1b: Ting-Lu|0 fnt\n|-unboost|p2a: Curvedbeast|def|1\n|-unboost|p2a: Curvedbeast|spd|1\n|faint|p1b: Ting-Lu\n|-damage|p2a: Curvedbeast|69\/100|[from] item: Life Orb\n|move|p2b: CoffeeCube|Recover|p2b: CoffeeCube\n|-heal|p2b: CoffeeCube|87\/100\n|move|p1a: Orthworm|Shed Tail|p1a: Orthworm\n|-start|p1a: Orthworm|Substitute|[from] move: Shed Tail\n|-damage|p1a: Orthworm|50\/100 par\n|-enditem|p1a: Orthworm|Sitrus Berry|[eat]\n|-heal|p1a: Orthworm|75\/100 par|[from] item: Sitrus Berry\n|\n|t:|1682416022\n|switch|p1a: Dragonite|Dragonite, L50, M|100\/100|[from] Shed Tail\n|\n|-heal|p2b: CoffeeCube|93\/100|[from] item: Leftovers\n|upkeep\n|\n|t:|1682416025\n|switch|p1b: Arcanine|Arcanine, L50, F|100\/100 par\n|-ability|p1b: Arcanine|Intimidate|boost\n|-unboost|p2a: Curvedbeast|atk|1\n|-unboost|p2b: CoffeeCube|atk|1\n|turn|8\n|\n|t:|1682416046\n|-terastallize|p1a: Dragonite|Flying\n|move|p2a: Curvedbeast|Ice Spinner|p1a: Dragonite\n|-supereffective|p1a: Dragonite\n|-end|p1a: Dragonite|Substitute\n|-damage|p2a: Curvedbeast|59\/100|[from] item: Life Orb\n|move|p1a: Dragonite|Tera Blast|p2b: CoffeeCube\n|-damage|p2b: CoffeeCube|84\/100\n|move|p1b: Arcanine|Will-O-Wisp|p2b: CoffeeCube\n|-immune|p2b: CoffeeCube|[from] ability: Purifying Salt\n|move|p2b: CoffeeCube|Salt Cure|p1a: Dragonite\n|-supereffective|p1a: Dragonite\n|-damage|p1a: Dragonite|90\/100\n|-start|p1a: Dragonite|Salt Cure\n|\n|-heal|p2b: CoffeeCube|89\/100|[from] item: Leftovers\n|-damage|p1a: Dragonite|77\/100|[from] Salt Cure\n|upkeep\n|turn|9\n|\n|t:|1682416060\n|move|p2a: Curvedbeast|Protect|p2a: Curvedbeast\n|-singleturn|p2a: Curvedbeast|Protect\n|move|p1a: Dragonite|Tera Blast|p2a: Curvedbeast\n|-activate|p2a: Curvedbeast|move: Protect\n|cant|p1b: Arcanine|par\n|move|p2b: CoffeeCube|Salt Cure|p1b: Arcanine\n|-supereffective|p1b: Arcanine\n|-damage|p1b: Arcanine|79\/100 par\n|-start|p1b: Arcanine|Salt Cure\n|\n|-heal|p2b: CoffeeCube|95\/100|[from] item: Leftovers\n|-damage|p1a: Dragonite|65\/100|[from] Salt Cure\n|-damage|p1b: Arcanine|67\/100 par|[from] Salt Cure\n|upkeep\n|turn|10\n|-message|ReSalmone forfeited.\n|\n|win|MistressQueenM\n|raw|ReSalmone's rating: 1127 → 1105<\/strong> (-22 for losing)\n|raw|MistressQueenM's rating: 1169 → 1191<\/strong> (+22 for winning)\n|c|\u2606MistressQueenM|mmmm\n|l|\u2606ReSalmone\n|c|\u2606MistressQueenM|yummy\n|c|\u2606MistressQueenM|salty\n|c|\u2606MistressQueenM|gooopy\n","uploadtime":1682416071,"views":12,"p1id":"resalmone","p2id":"mistressqueenm","formatid":"gen9vgc2023regulationc","rating":1105,"private":0,"password":""}