{"id":"gen9vgc2023regulationc-1851799712","p1":"Rean411","p2":"Adri 2022","format":"[Gen 9] VGC 2023 Regulation C","log":"|j|\u2606Rean411\n|j|\u2606Adri 2022\n|t:|1682485811\n|gametype|doubles\n|player|p1|Rean411|266|1118\n|player|p2|Adri 2022|plasmagrunt|1066\n|teamsize|p1|6\n|teamsize|p2|6\n|gen|9\n|tier|[Gen 9] VGC 2023 Regulation C\n|rated|\n|rule|Species Clause: Limit one of each Pok\u00e9mon\n|rule|Item Clause: Limit one of each item\n|clearpoke\n|poke|p1|Arcanine, L50, M|\n|poke|p1|Ting-Lu, L50|\n|poke|p1|Amoonguss, L50, F|\n|poke|p1|Annihilape, L50, F|\n|poke|p1|Maushold, L50|\n|poke|p1|Flutter Mane, L50|\n|poke|p2|Chien-Pao, L50|\n|poke|p2|Staraptor, L50, F|\n|poke|p2|Amoonguss, L50, M|\n|poke|p2|Palafin, L50, F|\n|poke|p2|Flutter Mane, L50|\n|poke|p2|Iron Hands, L50|\n|teampreview|4\nRean411 has agreed to open team sheets.\nAdri 2022 has agreed to open team sheets.\n|c|\u2606Rean411|GLHF\n|c|\u2606Adri 2022|glhf\n|\n|t:|1682485881\n|start\n|switch|p1a: Caesar|Annihilape, L50, F, shiny|100\/100\n|switch|p1b: Annoying|Ting-Lu, L50|100\/100\n|switch|p2a: Flutter Mane|Flutter Mane, L50|100\/100\n|switch|p2b: Iron Hands|Iron Hands, L50|100\/100\n|-ability|p1b: Annoying|Vessel of Ruin\n|-enditem|p2a: Flutter Mane|Booster Energy\n|-activate|p2a: Flutter Mane|ability: Protosynthesis|[fromitem]\n|-start|p2a: Flutter Mane|protosynthesisspa\n|turn|1\n|\n|t:|1682485911\n|switch|p1b: Good Boi|Arcanine, L50, M|100\/100\n|-ability|p1b: Good Boi|Intimidate|boost\n|-unboost|p2a: Flutter Mane|atk|1\n|-unboost|p2b: Iron Hands|atk|1\n|-terastallize|p2a: Flutter Mane|Fairy\n|move|p1a: Caesar|Protect|p1a: Caesar\n|-singleturn|p1a: Caesar|Protect\n|move|p2b: Iron Hands|Fake Out|p1b: Good Boi\n|-damage|p1b: Good Boi|89\/100\n|move|p2a: Flutter Mane|Moonblast|p1a: Caesar\n|-activate|p1a: Caesar|move: Protect\n|\n|upkeep\n|turn|2\n|\n|t:|1682485949\n|-end|p2a: Flutter Mane|Protosynthesis|[silent]\n|switch|p2a: Staraptor|Staraptor, L50, F|100\/100\n|-ability|p2a: Staraptor|Intimidate|boost\n|-unboost|p1a: Caesar|atk|1\n|-ability|p1a: Caesar|Defiant|boost\n|-boost|p1a: Caesar|atk|2\n|-unboost|p1b: Good Boi|atk|1\n|-end|p2b: Iron Hands|Quark Drive|[silent]\n|switch|p2b: Chien-Pao|Chien-Pao, L50|100\/100\n|-ability|p2b: Chien-Pao|Sword of Ruin\n|-terastallize|p1a: Caesar|Normal\n|move|p1b: Good Boi|Will-O-Wisp|p2b: Chien-Pao\n|-status|p2b: Chien-Pao|brn\n|move|p1a: Caesar|Bulk Up|p1a: Caesar\n|-boost|p1a: Caesar|atk|1\n|-boost|p1a: Caesar|def|1\n|\n|-damage|p2b: Chien-Pao|95\/100 brn|[from] brn\n|upkeep\n|turn|3\n|\n|t:|1682485982\n|move|p2b: Chien-Pao|Protect|p2b: Chien-Pao\n|-singleturn|p2b: Chien-Pao|Protect\n|move|p1a: Caesar|Protect|p1a: Caesar\n|-singleturn|p1a: Caesar|Protect\n|move|p1b: Good Boi|Will-O-Wisp|p2a: Staraptor\n|-status|p2a: Staraptor|brn\n|move|p2a: Staraptor|Close Combat|p1b: Good Boi\n|-damage|p1b: Good Boi|58\/100\n|-unboost|p2a: Staraptor|def|1\n|-unboost|p2a: Staraptor|spd|1\n|\n|-damage|p2b: Chien-Pao|89\/100 brn|[from] brn\n|-damage|p2a: Staraptor|94\/100 brn|[from] brn\n|upkeep\n|turn|4\n|\n|t:|1682486025\n|move|p1b: Good Boi|Extreme Speed|p2a: Staraptor\n|-damage|p2a: Staraptor|52\/100 brn\n|move|p2b: Chien-Pao|Sacred Sword|p1a: Caesar\n|-supereffective|p1a: Caesar\n|-damage|p1a: Caesar|49\/100\n|-damage|p2b: Chien-Pao|79\/100 brn|[from] item: Life Orb\n|move|p2a: Staraptor|Tailwind|p2a: Staraptor\n|-sidestart|p2: Adri 2022|move: Tailwind\n|move|p1a: Caesar|Drain Punch|p2b: Chien-Pao\n|-supereffective|p2b: Chien-Pao\n|-damage|p2b: Chien-Pao|0 fnt\n|-heal|p1a: Caesar|78\/100|[from] drain|[of] p2b: Chien-Pao\n|faint|p2b: Chien-Pao\n|\n|-heal|p1a: Caesar|84\/100|[from] item: Leftovers\n|-damage|p2a: Staraptor|46\/100 brn|[from] brn\n|upkeep\n|\n|t:|1682486041\n|switch|p2b: Flutter Mane|Flutter Mane, L50, tera:Fairy|100\/100\n|turn|5\n|\n|t:|1682486071\n|move|p2a: Staraptor|Protect|p2a: Staraptor\n|-singleturn|p2a: Staraptor|Protect\n|move|p1b: Good Boi|Extreme Speed|p2a: Staraptor\n|-activate|p2a: Staraptor|move: Protect\n|move|p2b: Flutter Mane|Moonblast|p1a: Caesar\n|-damage|p1a: Caesar|22\/100\n|move|p1a: Caesar|Rage Fist|p2b: Flutter Mane\n|-damage|p2b: Flutter Mane|0 fnt\n|faint|p2b: Flutter Mane\n|-end|p2b: Flutter Mane|Protosynthesis|[silent]\n|\n|-heal|p1a: Caesar|28\/100|[from] item: Leftovers\n|-damage|p2a: Staraptor|40\/100 brn|[from] brn\n|upkeep\n|\n|t:|1682486084\n|switch|p2b: Iron Hands|Iron Hands, L50|100\/100\n|turn|6\n|\n|t:|1682486094\n|move|p1a: Caesar|Protect|p1a: Caesar\n|-singleturn|p1a: Caesar|Protect\n|move|p2b: Iron Hands|Fake Out|p1b: Good Boi\n|-damage|p1b: Good Boi|40\/100\n|move|p2a: Staraptor|Close Combat|p1a: Caesar\n|-activate|p1a: Caesar|move: Protect\n|cant|p1b: Good Boi|flinch\n|\n|-heal|p1a: Caesar|34\/100|[from] item: Leftovers\n|-damage|p2a: Staraptor|34\/100 brn|[from] brn\n|upkeep\n|turn|7\n|\n|t:|1682486113\n|switch|p1a: Flutter Mane|Flutter Mane, L50|100\/100\n|-enditem|p1a: Flutter Mane|Booster Energy\n|-activate|p1a: Flutter Mane|ability: Protosynthesis|[fromitem]\n|-start|p1a: Flutter Mane|protosynthesisspe\n|move|p2a: Staraptor|Close Combat|p1b: Good Boi\n|-damage|p1b: Good Boi|16\/100\n|-unboost|p2a: Staraptor|def|1\n|-unboost|p2a: Staraptor|spd|1\n|-enditem|p1b: Good Boi|Aguav Berry|[eat]\n|-heal|p1b: Good Boi|49\/100|[from] item: Aguav Berry\n|move|p1b: Good Boi|Will-O-Wisp|p2b: Iron Hands\n|-status|p2b: Iron Hands|brn\n|move|p2b: Iron Hands|Drain Punch|p1a: Flutter Mane\n|-immune|p1a: Flutter Mane\n|\n|-damage|p2a: Staraptor|28\/100 brn|[from] brn\n|-damage|p2b: Iron Hands|94\/100 brn|[from] brn\n|-sideend|p2: Adri 2022|move: Tailwind\n|upkeep\n|turn|8\n|-message|Adri 2022 forfeited.\n|\n|win|Rean411\n|raw|Rean411's rating: 1118 → 1139<\/strong> (+21 for winning)\n|raw|Adri 2022's rating: 1066 → 1049<\/strong> (-17 for losing)\n|l|\u2606Rean411\n","uploadtime":1682486137,"views":9,"p1id":"rean411","p2id":"adri2022","formatid":"gen9vgc2023regulationc","rating":1049,"private":0,"password":""}