{"id":"gen9vgc2023regulationc-1859389561","p1":"252 accuracy","p2":"Ytterby","format":"[Gen 9] VGC 2023 Regulation C","log":"|j|\u2606252 accuracy\n|j|\u2606Ytterby\n|t:|1683454628\n|gametype|doubles\n|player|p1|252 accuracy|biker-gen4|\n|player|p2|Ytterby|brycenman|\n|teamsize|p1|6\n|teamsize|p2|6\n|gen|9\n|tier|[Gen 9] VGC 2023 Regulation C\n|rule|Species Clause: Limit one of each Pok\u00e9mon\n|rule|Item Clause: Limit one of each item\n|clearpoke\n|poke|p1|Clodsire, L50, M|\n|poke|p1|Sableye, L50, F|\n|poke|p1|Sandy Shocks, L50|\n|poke|p1|Pachirisu, L50, M|\n|poke|p1|Tyranitar, L50, M|\n|poke|p1|Scizor, L50, M|\n|poke|p2|Klefki, L50, F|\n|poke|p2|Murkrow, L50, M|\n|poke|p2|Hariyama, L50, M|\n|poke|p2|Polteageist, L50|\n|poke|p2|Garchomp, L50, M|\n|poke|p2|Persian, L50, F|\n|teampreview|4\n252 accuracy has agreed to open team sheets.\nYtterby has agreed to open team sheets.\n|\n|t:|1683454742\n|start\n|switch|p1a: Clodding bodies|Clodsire, L50, M|100\/100\n|switch|p1b: really fast|Scizor, L50, M|100\/100\n|switch|p2a: Klefki|Klefki, L50, F|100\/100\n|switch|p2b: Garchomp|Garchomp, L50, M|100\/100\n|turn|1\n|\n|t:|1683454793\n|move|p2b: Garchomp|Outrage|p1a: Clodding bodies\n|-damage|p1a: Clodding bodies|49\/100\n|move|p1b: really fast|Swords Dance|p1b: really fast\n|-boost|p1b: really fast|atk|2\n|move|p1a: Clodding bodies|Stockpile|p1a: Clodding bodies\n|-start|p1a: Clodding bodies|stockpile1\n|-boost|p1a: Clodding bodies|def|1\n|-boost|p1a: Clodding bodies|spd|1\n|move|p2a: Klefki|Trick Room|p2a: Klefki\n|-fieldstart|move: Trick Room|[of] p2a: Klefki\n|\n|-heal|p1a: Clodding bodies|55\/100|[from] item: Leftovers\n|upkeep\n|turn|2\n|\n|t:|1683454812\n|move|p2a: Klefki|Reflect|p2a: Klefki\n|-sidestart|p2: Ytterby|Reflect\n|move|p1a: Clodding bodies|Recover|p1a: Clodding bodies\n|-heal|p1a: Clodding bodies|100\/100\n|move|p1b: really fast|Swords Dance|p1b: really fast\n|-boost|p1b: really fast|atk|2\n|move|p2b: Garchomp|Outrage|p1a: Clodding bodies|[from]lockedmove\n|-damage|p1a: Clodding bodies|65\/100\n|-start|p2b: Garchomp|confusion|[fatigue]\n|-enditem|p2b: Garchomp|Lum Berry|[eat]\n|-end|p2b: Garchomp|confusion\n|\n|-heal|p1a: Clodding bodies|71\/100|[from] item: Leftovers\n|upkeep\n|turn|3\n|\n|t:|1683454839\n|switch|p2b: Hariyama|Hariyama, L50, M|100\/100\n|move|p1b: really fast|Bullet Punch|p2a: Klefki\n|-damage|p2a: Klefki|43\/100\n|move|p1a: Clodding bodies|Earth Power|p2a: Klefki\n|-supereffective|p2a: Klefki\n|-damage|p2a: Klefki|1\/100\n|move|p2a: Klefki|Foul Play|p1b: really fast\n|-damage|p1b: really fast|0 fnt\n|faint|p1b: really fast\n|\n|-heal|p1a: Clodding bodies|77\/100|[from] item: Leftovers\n|upkeep\n|\n|t:|1683454857\n|switch|p1b: THICC BOI|Tyranitar, L50, M|100\/100\n|-ability|p1b: THICC BOI|Unnerve\n|turn|4\n|\n|t:|1683454892\n|-terastallize|p2b: Hariyama|Steel\n|-terastallize|p1b: THICC BOI|Flying\n|move|p2a: Klefki|Light Screen|p2a: Klefki\n|-sidestart|p2: Ytterby|move: Light Screen\n|move|p1a: Clodding bodies|Earth Power|p2a: Klefki\n|-supereffective|p2a: Klefki\n|-damage|p2a: Klefki|0 fnt\n|faint|p2a: Klefki\n|move|p2b: Hariyama|Belly Drum|p2b: Hariyama\n|-damage|p2b: Hariyama|50\/100\n|-setboost|p2b: Hariyama|atk|6|[from] move: Belly Drum\n|move|p1b: THICC BOI|Tera Blast|p2b: Hariyama\n|-resisted|p2b: Hariyama\n|-damage|p2b: Hariyama|38\/100\n|\n|-heal|p1a: Clodding bodies|83\/100|[from] item: Leftovers\n|upkeep\n|\n|t:|1683454916\n|switch|p2a: Polteageist|Polteageist, L50|100\/100\n|turn|5\n|\n|t:|1683454949\n|move|p1b: THICC BOI|Protect|p1b: THICC BOI\n|-singleturn|p1b: THICC BOI|Protect\n|move|p1a: Clodding bodies|Earth Power|p2b: Hariyama\n|-supereffective|p2b: Hariyama\n|-damage|p2b: Hariyama|8\/100\n|move|p2b: Hariyama|Drain Punch|p1a: Clodding bodies\n|-resisted|p1a: Clodding bodies\n|-damage|p1a: Clodding bodies|42\/100\n|-heal|p2b: Hariyama|30\/100|[from] drain|[of] p1a: Clodding bodies\n|move|p2a: Polteageist|Will-O-Wisp|p1b: THICC BOI\n|-activate|p1b: THICC BOI|move: Protect\n|\n|-heal|p1a: Clodding bodies|48\/100|[from] item: Leftovers\n|-fieldend|move: Trick Room\n|upkeep\n|turn|6\n|\n|t:|1683454977\n|move|p2a: Polteageist|Will-O-Wisp|p1b: THICC BOI\n|-status|p1b: THICC BOI|brn\n|move|p1b: THICC BOI|Rock Slide|p2b: Hariyama|[spread] p2a,p2b\n|-resisted|p2b: Hariyama\n|-damage|p2a: Polteageist|89\/100\n|-damage|p2b: Hariyama|25\/100\n|move|p2b: Hariyama|Rock Slide|p1b: THICC BOI|[spread] p1a,p1b\n|-resisted|p1a: Clodding bodies\n|-supereffective|p1b: THICC BOI\n|-damage|p1a: Clodding bodies|29\/100\n|-damage|p1b: THICC BOI|0 fnt\n|-enditem|p2b: Hariyama|Sitrus Berry|[eat]\n|-heal|p2b: Hariyama|50\/100|[from] item: Sitrus Berry\n|faint|p1b: THICC BOI\n|move|p1a: Clodding bodies|Earth Power|p2b: Hariyama\n|-supereffective|p2b: Hariyama\n|-damage|p2b: Hariyama|23\/100\n|\n|-heal|p2a: Polteageist|95\/100|[from] item: Leftovers\n|-heal|p1a: Clodding bodies|35\/100|[from] item: Leftovers\n|upkeep\n|\n|t:|1683454991\n|switch|p1b: Eleki after meth|Sandy Shocks, L50|100\/100\n|-enditem|p1b: Eleki after meth|Booster Energy\n|-activate|p1b: Eleki after meth|ability: Protosynthesis|[fromitem]\n|-start|p1b: Eleki after meth|protosynthesisspe\n|turn|7\n|\n|t:|1683455040\n|move|p1b: Eleki after meth|Discharge|p2b: Hariyama|[spread] p2a,p2b\n|-immune|p1a: Clodding bodies\n|-damage|p2a: Polteageist|78\/100\n|-damage|p2b: Hariyama|0 fnt\n|faint|p2b: Hariyama\n|move|p2a: Polteageist|Giga Drain|p1b: Eleki after meth\n|-supereffective|p1b: Eleki after meth\n|-damage|p1b: Eleki after meth|47\/100\n|-heal|p2a: Polteageist|100\/100|[from] drain|[of] p1b: Eleki after meth\n|move|p1a: Clodding bodies|Recover|p1a: Clodding bodies\n|-heal|p1a: Clodding bodies|85\/100\n|\n|-heal|p1a: Clodding bodies|91\/100|[from] item: Leftovers\n|upkeep\n|\n|t:|1683455055\n|switch|p2b: Garchomp|Garchomp, L50, M|100\/100\n|turn|8\n|\n|t:|1683455067\n|move|p1b: Eleki after meth|Protect|p1b: Eleki after meth\n|-singleturn|p1b: Eleki after meth|Protect\n|move|p2a: Polteageist|Protect|p2a: Polteageist\n|-singleturn|p2a: Polteageist|Protect\n|move|p2b: Garchomp|Earthquake|p1a: Clodding bodies|[spread] p1a\n|-activate|p2a: Polteageist|move: Protect\n|-activate|p1b: Eleki after meth|move: Protect\n|-supereffective|p1a: Clodding bodies\n|-damage|p1a: Clodding bodies|48\/100\n|move|p1a: Clodding bodies|Toxic|p2b: Garchomp\n|-status|p2b: Garchomp|tox\n|\n|-heal|p1a: Clodding bodies|54\/100|[from] item: Leftovers\n|-damage|p2b: Garchomp|94\/100 tox|[from] psn\n|upkeep\n|turn|9\n|\n|t:|1683455115\n|move|p1b: Eleki after meth|Earth Power|p2b: Garchomp\n|-damage|p2b: Garchomp|65\/100 tox\n|-unboost|p2b: Garchomp|spd|1\n|move|p2b: Garchomp|Earthquake|p1b: Eleki after meth|[spread] p2a,p1a,p1b\n|-supereffective|p1a: Clodding bodies\n|-supereffective|p1b: Eleki after meth\n|-damage|p2a: Polteageist|71\/100\n|-damage|p1a: Clodding bodies|13\/100\n|-damage|p1b: Eleki after meth|0 fnt\n|faint|p1b: Eleki after meth\n|-end|p1b: Eleki after meth|Protosynthesis|[silent]\n|move|p2a: Polteageist|Giga Drain|p1a: Clodding bodies\n|-damage|p1a: Clodding bodies|2\/100\n|-heal|p2a: Polteageist|79\/100|[from] drain|[of] p1a: Clodding bodies\n|move|p1a: Clodding bodies|Recover|p1a: Clodding bodies\n|-heal|p1a: Clodding bodies|52\/100\n|\n|-heal|p2a: Polteageist|85\/100|[from] item: Leftovers\n|-heal|p1a: Clodding bodies|58\/100|[from] item: Leftovers\n|-damage|p2b: Garchomp|53\/100 tox|[from] psn\n|-sideend|p2: Ytterby|Reflect\n|upkeep\n|turn|10\n|\n|t:|1683455140\n|move|p2a: Polteageist|Protect|p2a: Polteageist\n|-singleturn|p2a: Polteageist|Protect\n|move|p2b: Garchomp|Earthquake|p1a: Clodding bodies|[spread] p1a\n|-activate|p2a: Polteageist|move: Protect\n|-supereffective|p1a: Clodding bodies\n|-damage|p1a: Clodding bodies|15\/100\n|move|p1a: Clodding bodies|Recover|p1a: Clodding bodies\n|-heal|p1a: Clodding bodies|65\/100\n|\n|-heal|p2a: Polteageist|91\/100|[from] item: Leftovers\n|-heal|p1a: Clodding bodies|71\/100|[from] item: Leftovers\n|-damage|p2b: Garchomp|34\/100 tox|[from] psn\n|upkeep\n|turn|11\n|\n|t:|1683455176\n|move|p2b: Garchomp|Earthquake|p1a: Clodding bodies|[spread] p2a,p1a\n|-supereffective|p1a: Clodding bodies\n|-damage|p2a: Polteageist|51\/100\n|-damage|p1a: Clodding bodies|28\/100\n|move|p2a: Polteageist|Giga Drain|p1a: Clodding bodies\n|-crit|p1a: Clodding bodies\n|-damage|p1a: Clodding bodies|2\/100\n|-heal|p2a: Polteageist|69\/100|[from] drain|[of] p1a: Clodding bodies\n|move|p1a: Clodding bodies|Recover|p1a: Clodding bodies\n|-heal|p1a: Clodding bodies|52\/100\n|\n|-heal|p2a: Polteageist|75\/100|[from] item: Leftovers\n|-heal|p1a: Clodding bodies|58\/100|[from] item: Leftovers\n|-damage|p2b: Garchomp|9\/100 tox|[from] psn\n|-sideend|p2: Ytterby|move: Light Screen\n|upkeep\n|turn|12\n|\n|t:|1683455195\n|move|p2b: Garchomp|Earthquake|p1a: Clodding bodies|[spread] p2a,p1a\n|-supereffective|p1a: Clodding bodies\n|-damage|p2a: Polteageist|30\/100\n|-damage|p1a: Clodding bodies|17\/100\n|move|p2a: Polteageist|Giga Drain|p1a: Clodding bodies\n|-damage|p1a: Clodding bodies|6\/100\n|-heal|p2a: Polteageist|38\/100|[from] drain|[of] p1a: Clodding bodies\n|move|p1a: Clodding bodies|Recover|p1a: Clodding bodies\n|-heal|p1a: Clodding bodies|56\/100\n|\n|-heal|p2a: Polteageist|44\/100|[from] item: Leftovers\n|-heal|p1a: Clodding bodies|62\/100|[from] item: Leftovers\n|-damage|p2b: Garchomp|0 fnt|[from] psn\n|faint|p2b: Garchomp\n|upkeep\n|turn|13\n|\n|t:|1683455207\n|move|p2a: Polteageist|Will-O-Wisp|p1a: Clodding bodies|[miss]\n|-miss|p2a: Polteageist|p1a: Clodding bodies\n|move|p1a: Clodding bodies|Recover|p1a: Clodding bodies\n|-heal|p1a: Clodding bodies|100\/100\n|\n|-heal|p2a: Polteageist|50\/100|[from] item: Leftovers\n|upkeep\n|turn|14\n|\n|t:|1683455213\n|move|p2a: Polteageist|Will-O-Wisp|p1a: Clodding bodies\n|-status|p1a: Clodding bodies|brn\n|move|p1a: Clodding bodies|Toxic|p2a: Polteageist\n|-status|p2a: Polteageist|tox\n|\n|-heal|p2a: Polteageist|56\/100 tox|[from] item: Leftovers\n|-damage|p2a: Polteageist|50\/100 tox|[from] psn\n|-damage|p1a: Clodding bodies|95\/100 brn|[from] brn\n|upkeep\n|turn|15\n|\n|t:|1683455227\n|move|p2a: Polteageist|Strength Sap|p1a: Clodding bodies\n|-unboost|p1a: Clodding bodies|atk|1\n|-heal|p2a: Polteageist|93\/100 tox\n|move|p1a: Clodding bodies|Earth Power|p2a: Polteageist\n|-damage|p2a: Polteageist|77\/100 tox\n|\n|-heal|p2a: Polteageist|83\/100 tox|[from] item: Leftovers\n|-heal|p1a: Clodding bodies|100\/100 brn|[from] item: Leftovers\n|-damage|p2a: Polteageist|71\/100 tox|[from] psn\n|-damage|p1a: Clodding bodies|95\/100 brn|[from] brn\n|upkeep\n|turn|16\n|\n|t:|1683455240\n|move|p2a: Polteageist|Giga Drain|p1a: Clodding bodies\n|-damage|p1a: Clodding bodies|82\/100 brn\n|-heal|p2a: Polteageist|80\/100 tox|[from] drain|[of] p1a: Clodding bodies\n|move|p1a: Clodding bodies|Earth Power|p2a: Polteageist\n|-damage|p2a: Polteageist|65\/100 tox\n|\n|-heal|p2a: Polteageist|71\/100 tox|[from] item: Leftovers\n|-heal|p1a: Clodding bodies|88\/100 brn|[from] item: Leftovers\n|-damage|p2a: Polteageist|53\/100 tox|[from] psn\n|-damage|p1a: Clodding bodies|82\/100 brn|[from] brn\n|upkeep\n|turn|17\n|\n|t:|1683455252\n|move|p2a: Polteageist|Giga Drain|p1a: Clodding bodies\n|-damage|p1a: Clodding bodies|71\/100 brn\n|-heal|p2a: Polteageist|61\/100 tox|[from] drain|[of] p1a: Clodding bodies\n|move|p1a: Clodding bodies|Earth Power|p2a: Polteageist\n|-crit|p2a: Polteageist\n|-damage|p2a: Polteageist|34\/100 tox\n|-start|p1a: Clodding bodies|Disable|Earth Power|[from] ability: Cursed Body|[of] p2a: Polteageist\n|\n|-heal|p2a: Polteageist|40\/100 tox|[from] item: Leftovers\n|-heal|p1a: Clodding bodies|77\/100 brn|[from] item: Leftovers\n|-damage|p2a: Polteageist|16\/100 tox|[from] psn\n|-damage|p1a: Clodding bodies|71\/100 brn|[from] brn\n|upkeep\n|turn|18\n|\n|t:|1683455267\n|move|p2a: Polteageist|Strength Sap|p1a: Clodding bodies\n|-unboost|p1a: Clodding bodies|atk|1\n|-heal|p2a: Polteageist|45\/100 tox\n|move|p1a: Clodding bodies|Recover|p1a: Clodding bodies\n|-heal|p1a: Clodding bodies|100\/100 brn\n|\n|-heal|p2a: Polteageist|51\/100 tox|[from] item: Leftovers\n|-damage|p2a: Polteageist|21\/100 tox|[from] psn\n|-damage|p1a: Clodding bodies|95\/100 brn|[from] brn\n|upkeep\n|turn|19\n|\n|t:|1683455275\n|move|p2a: Polteageist|Giga Drain|p1a: Clodding bodies\n|-damage|p1a: Clodding bodies|83\/100 brn\n|-heal|p2a: Polteageist|29\/100 tox|[from] drain|[of] p1a: Clodding bodies\n|move|p1a: Clodding bodies|Toxic|p2a: Polteageist\n|-fail|p2a: Polteageist|tox\n|\n|-heal|p2a: Polteageist|35\/100 tox|[from] item: Leftovers\n|-heal|p1a: Clodding bodies|89\/100 brn|[from] item: Leftovers\n|-damage|p2a: Polteageist|0 fnt|[from] psn\n|faint|p2a: Polteageist\n|\n|win|252 accuracy\n|upkeep\n|l|\u2606252 accuracy\n","uploadtime":1683455292,"views":14,"p1id":"252accuracy","p2id":"ytterby","formatid":"gen9vgc2023regulationc","rating":0,"private":0,"password":""}