{"id":"gen9vgc2023regulationc-1854928656","p1":"MiphaDeezNuts","p2":"Tempest brute","format":"[Gen 9] VGC 2023 Regulation C","log":"|j|\u2606MiphaDeezNuts\n|j|\u2606Tempest brute\n|t:|1682881780\n|gametype|doubles\n|player|p1|MiphaDeezNuts|smasher|\n|player|p2|Tempest brute|veteran|\n|teamsize|p1|6\n|teamsize|p2|5\n|gen|9\n|tier|[Gen 9] VGC 2023 Regulation C\n|rated|Tournament battle\n|rule|Species Clause: Limit one of each Pok\u00e9mon\n|rule|Item Clause: Limit one of each item\n|clearpoke\n|poke|p1|Azumarill, L50, F|\n|poke|p1|Sylveon, L50, F|\n|poke|p1|Iron Hands, L50|\n|poke|p1|Chien-Pao, L50|\n|poke|p1|Iron Bundle, L50|\n|poke|p1|Arcanine, L50, M|\n|poke|p2|Ting-Lu, L50|\n|poke|p2|Roaring Moon, L50|\n|poke|p2|Klefki, L50, M|\n|poke|p2|Skeledirge, L50, F|\n|poke|p2|Iron Bundle, L50|\n|teampreview|4\n|raw| Open Team Sheet for MiphaDeezNuts<\/summary>Azumarill (F) @ Assault Vest Ability: Huge Power Level: 50 Tera Type: Fire - Play Rough - Liquidation - Aqua Jet - Ice Spinner Sylveon (F) @ Throat Spray Ability: Pixilate Level: 50 Shiny: Yes Tera Type: Fire - Hyper Voice - Tera Blast - Psych Up - Protect Iron Hands @ Sitrus Berry Ability: Quark Drive Level: 50 Tera Type: Grass - Wild Charge - Drain Punch - Swords Dance - Protect Chien-Pao @ Focus Sash Ability: Sword of Ruin Level: 50 Tera Type: Dark - Sacred Sword - Sucker Punch - Ice Spinner - Protect Iron Bundle @ Booster Energy Ability: Quark Drive Level: 50 Tera Type: Ice - Hydro Pump - Freeze-Dry - Encore - Protect Arcanine (M) @ Safety Goggles Ability: Intimidate Level: 50 Tera Type: Water - Extreme Speed - Flare Blitz - Snarl - Protect <\/details><\/div> Open Team Sheet for Tempest brute<\/summary>Ting-Lu @ Leftovers Ability: Vessel of Ruin Level: 50 Tera Type: Water - Body Press - Throat Chop - Whirlwind - Protect Roaring Moon @ Booster Energy Ability: Protosynthesis Level: 50 Tera Type: Flying - Substitute - Acrobatics - Jaw Lock - Protect Klefki @ Light Clay Ability: Prankster Level: 50 Tera Type: Water - Reflect - Light Screen - Thunder Wave - Dazzling Gleam Skeledirge @ Sitrus Berry Ability: Unaware Level: 50 Tera Type: Fairy - Will-O-Wisp - Torch Song - Shadow Ball - Slack Off Iron Bundle @ Safety Goggles Ability: Quark Drive Level: 50 Tera Type: Poison - Hydro Pump - Freeze-Dry - Flip Turn - Protect <\/details><\/div>\n|inactive|Battle timer is ON: inactive players will automatically lose when time's up. (requested by MiphaDeezNuts)\n|c|\u2606Tempest brute|psych up?\n|inactive|MiphaDeezNuts has 60 seconds left.\n|inactive|Tempest brute has 60 seconds left.\n|c|\u2606MiphaDeezNuts|For bozo matchups generally\n|inactive|MiphaDeezNuts has 30 seconds left.\n|inactive|MiphaDeezNuts has 20 seconds left.\n|c|\u2606MiphaDeezNuts|Although it is kinda gimmicky, haven't found another good move as a replacement\n|inactive|MiphaDeezNuts has 15 seconds left.\n|inactive|MiphaDeezNuts has 10 seconds left.\n|inactive|MiphaDeezNuts has 5 seconds left.\n|c|\u2606Tempest brute|ok\n|\n|t:|1682881870\n|start\n|switch|p1a: Arcanine|Arcanine, L50, M|100\/100\n|switch|p1b: Sylveon|Sylveon, L50, F, shiny|100\/100\n|switch|p2a: Klefki|Klefki, L50, M|100\/100\n|switch|p2b: Skeledirge|Skeledirge, L50, F|100\/100\n|-ability|p1a: Arcanine|Intimidate|boost\n|-unboost|p2a: Klefki|atk|1\n|-unboost|p2b: Skeledirge|atk|1\n|turn|1\n|j| Radio Free C-Side\n|inactive|MiphaDeezNuts has 30 seconds left.\n|inactive|MiphaDeezNuts has 20 seconds left.\n|\n|t:|1682881906\n|move|p2a: Klefki|Reflect|p2a: Klefki\n|-sidestart|p2: Tempest brute|Reflect\n|move|p1a: Arcanine|Snarl|p2b: Skeledirge|[spread] p2a,p2b\n|-resisted|p2a: Klefki\n|-supereffective|p2b: Skeledirge\n|-damage|p2a: Klefki|96\/100\n|-damage|p2b: Skeledirge|86\/100\n|-unboost|p2a: Klefki|spa|1\n|-unboost|p2b: Skeledirge|spa|1\n|move|p1b: Sylveon|Hyper Voice|p2b: Skeledirge|[spread] p2a,p2b\n|-resisted|p2a: Klefki\n|-resisted|p2b: Skeledirge\n|-damage|p2a: Klefki|78\/100\n|-damage|p2b: Skeledirge|71\/100\n|-enditem|p1b: Sylveon|Throat Spray\n|-boost|p1b: Sylveon|spa|1|[from] item: Throat Spray\n|move|p2b: Skeledirge|Torch Song|p1b: Sylveon\n|-crit|p1b: Sylveon\n|-damage|p1b: Sylveon|66\/100\n|-boost|p2b: Skeledirge|spa|1\n|\n|upkeep\n|turn|2\n|inactive|MiphaDeezNuts has 30 seconds left.\n|inactive|MiphaDeezNuts has 20 seconds left.\n|inactive|MiphaDeezNuts has 15 seconds left.\n|\n|t:|1682881946\n|-terastallize|p1b: Sylveon|Fire\n|move|p2a: Klefki|Light Screen|p2a: Klefki\n|-sidestart|p2: Tempest brute|move: Light Screen\n|move|p1a: Arcanine|Snarl|p2b: Skeledirge|[spread] p2a,p2b\n|-resisted|p2a: Klefki\n|-supereffective|p2b: Skeledirge\n|-damage|p2a: Klefki|75\/100\n|-damage|p2b: Skeledirge|62\/100\n|-unboost|p2a: Klefki|spa|1\n|-unboost|p2b: Skeledirge|spa|1\n|move|p1b: Sylveon|Tera Blast|p2a: Klefki\n|-supereffective|p2a: Klefki\n|-damage|p2a: Klefki|7\/100\n|move|p2b: Skeledirge|Torch Song|p1b: Sylveon\n|-resisted|p1b: Sylveon\n|-damage|p1b: Sylveon|59\/100\n|-boost|p2b: Skeledirge|spa|1\n|\n|upkeep\n|turn|3\n|\n|t:|1682881971\n|move|p2a: Klefki|Thunder Wave|p1a: Arcanine\n|-status|p1a: Arcanine|par\n|move|p1b: Sylveon|Hyper Voice|p2b: Skeledirge|[spread] p2a,p2b\n|-resisted|p2a: Klefki\n|-resisted|p2b: Skeledirge\n|-damage|p2a: Klefki|0 fnt\n|-damage|p2b: Skeledirge|53\/100\n|faint|p2a: Klefki\n|move|p2b: Skeledirge|Shadow Ball|p1b: Sylveon\n|-damage|p1b: Sylveon|35\/100\n|move|p1a: Arcanine|Snarl|p2b: Skeledirge\n|-supereffective|p2b: Skeledirge\n|-damage|p2b: Skeledirge|39\/100\n|-unboost|p2b: Skeledirge|spa|1\n|-enditem|p2b: Skeledirge|Sitrus Berry|[eat]\n|-heal|p2b: Skeledirge|64\/100|[from] item: Sitrus Berry\n|\n|upkeep\n|\n|t:|1682881977\n|switch|p2a: Roaring Moon|Roaring Moon, L50|100\/100\n|-enditem|p2a: Roaring Moon|Booster Energy\n|-activate|p2a: Roaring Moon|ability: Protosynthesis|[fromitem]\n|-start|p2a: Roaring Moon|protosynthesisspe\n|turn|4\n|inactive|MiphaDeezNuts has 30 seconds left.\n|inactive|MiphaDeezNuts has 20 seconds left.\n|inactive|MiphaDeezNuts has 15 seconds left.\n|inactive|MiphaDeezNuts has 10 seconds left.\n|\n|t:|1682882026\n|-terastallize|p2a: Roaring Moon|Flying\n|move|p2a: Roaring Moon|Acrobatics|p1b: Sylveon\n|-damage|p1b: Sylveon|0 fnt\n|faint|p1b: Sylveon\n|move|p2b: Skeledirge|Torch Song|p1a: Arcanine\n|-resisted|p1a: Arcanine\n|-damage|p1a: Arcanine|87\/100 par\n|-boost|p2b: Skeledirge|spa|1\n|cant|p1a: Arcanine|par\n|\n|upkeep\n|\n|t:|1682882040\n|switch|p1b: Iron Hands|Iron Hands, L50|100\/100\n|turn|5\n|j| RiotJuice\n|inactive|MiphaDeezNuts has 30 seconds left.\n|\n|t:|1682882070\n|switch|p1a: Iron Bundle|Iron Bundle, L50|100\/100\n|-enditem|p1a: Iron Bundle|Booster Energy\n|-activate|p1a: Iron Bundle|ability: Quark Drive|[fromitem]\n|-start|p1a: Iron Bundle|quarkdrivespe\n|move|p2a: Roaring Moon|Acrobatics|p1a: Iron Bundle\n|-damage|p1a: Iron Bundle|36\/100\n|move|p2b: Skeledirge|Will-O-Wisp|p1b: Iron Hands\n|-status|p1b: Iron Hands|brn\n|move|p1b: Iron Hands|Swords Dance|p1b: Iron Hands\n|-boost|p1b: Iron Hands|atk|2\n|\n|-damage|p1b: Iron Hands|94\/100 brn|[from] brn\n|upkeep\n|turn|6\n|\n|t:|1682882093\n|switch|p2b: Ting-Lu|Ting-Lu, L50|100\/100\n|-ability|p2b: Ting-Lu|Vessel of Ruin\n|move|p1a: Iron Bundle|Protect|p1a: Iron Bundle\n|-singleturn|p1a: Iron Bundle|Protect\n|move|p2a: Roaring Moon|Protect|p2a: Roaring Moon\n|-singleturn|p2a: Roaring Moon|Protect\n|move|p1b: Iron Hands|Wild Charge|p2a: Roaring Moon\n|-activate|p2a: Roaring Moon|move: Protect\n|\n|-damage|p1b: Iron Hands|88\/100 brn|[from] brn\n|upkeep\n|turn|7\n|inactive|MiphaDeezNuts has 30 seconds left.\n|inactive|Tempest brute has 30 seconds left.\n|inactive|MiphaDeezNuts has 20 seconds left.\n|inactive|MiphaDeezNuts has 15 seconds left.\n|inactive|MiphaDeezNuts has 10 seconds left.\n|\n|t:|1682882142\n|move|p1a: Iron Bundle|Encore|p2a: Roaring Moon\n|-start|p2a: Roaring Moon|Encore\n|move|p2a: Roaring Moon|Protect||[still]\n|-fail|p2a: Roaring Moon\n|move|p1b: Iron Hands|Drain Punch|p2b: Ting-Lu\n|-supereffective|p2b: Ting-Lu\n|-damage|p2b: Ting-Lu|79\/100\n|-heal|p1b: Iron Hands|99\/100 brn|[from] drain|[of] p2b: Ting-Lu\n|move|p2b: Ting-Lu|Body Press|p1a: Iron Bundle\n|-supereffective|p1a: Iron Bundle\n|-damage|p1a: Iron Bundle|0 fnt\n|faint|p1a: Iron Bundle\n|-end|p1a: Iron Bundle|Quark Drive|[silent]\n|\n|-heal|p2b: Ting-Lu|85\/100|[from] item: Leftovers\n|-damage|p1b: Iron Hands|94\/100 brn|[from] brn\n|upkeep\n|\n|t:|1682882155\n|switch|p1a: Arcanine|Arcanine, L50, M|87\/100 par\n|-ability|p1a: Arcanine|Intimidate|boost\n|-unboost|p2a: Roaring Moon|atk|1\n|-unboost|p2b: Ting-Lu|atk|1\n|turn|8\n|\n|t:|1682882168\n|switch|p2b: Skeledirge|Skeledirge, L50, F|64\/100\n|move|p2a: Roaring Moon|Protect|p2a: Roaring Moon\n|-singleturn|p2a: Roaring Moon|Protect\n|move|p1b: Iron Hands|Drain Punch|p2b: Skeledirge\n|-immune|p2b: Skeledirge\n|move|p1a: Arcanine|Flare Blitz|p2b: Skeledirge\n|-resisted|p2b: Skeledirge\n|-damage|p2b: Skeledirge|50\/100\n|-damage|p1a: Arcanine|82\/100 par|[from] Recoil\n|\n|-damage|p1b: Iron Hands|88\/100 brn|[from] brn\n|-sideend|p2: Tempest brute|Reflect\n|upkeep\n|turn|9\n|\n|t:|1682882184\n|-end|p2a: Roaring Moon|Protosynthesis|[silent]\n|switch|p2a: Ting-Lu|Ting-Lu, L50|85\/100\n|-ability|p2a: Ting-Lu|Vessel of Ruin\n|move|p2b: Skeledirge|Slack Off|p2b: Skeledirge\n|-heal|p2b: Skeledirge|99\/100\n|move|p1b: Iron Hands|Wild Charge|p2a: Ting-Lu\n|-immune|p2a: Ting-Lu\n|move|p1a: Arcanine|Snarl|p2b: Skeledirge|[spread] p2b\n|-miss|p1a: Arcanine|p2a: Ting-Lu\n|-supereffective|p2b: Skeledirge\n|-damage|p2b: Skeledirge|92\/100\n|-unboost|p2b: Skeledirge|spa|1\n|\n|-heal|p2a: Ting-Lu|91\/100|[from] item: Leftovers\n|-damage|p1b: Iron Hands|82\/100 brn|[from] brn\n|-sideend|p2: Tempest brute|move: Light Screen\n|upkeep\n|turn|10\n|inactive|MiphaDeezNuts has 30 seconds left.\n|\n|t:|1682882210\n|move|p2a: Ting-Lu|Protect|p2a: Ting-Lu\n|-singleturn|p2a: Ting-Lu|Protect\n|move|p2b: Skeledirge|Shadow Ball|p1a: Arcanine\n|-damage|p1a: Arcanine|63\/100 par\n|move|p1b: Iron Hands|Swords Dance|p1b: Iron Hands\n|-boost|p1b: Iron Hands|atk|2\n|cant|p1a: Arcanine|par\n|\n|-heal|p2a: Ting-Lu|97\/100|[from] item: Leftovers\n|-damage|p1b: Iron Hands|76\/100 brn|[from] brn\n|upkeep\n|turn|11\n|inactive|MiphaDeezNuts has 30 seconds left.\n|\n|t:|1682882239\n|move|p2b: Skeledirge|Torch Song|p1b: Iron Hands\n|-crit|p1b: Iron Hands\n|-damage|p1b: Iron Hands|52\/100 brn\n|-boost|p2b: Skeledirge|spa|1\n|move|p1b: Iron Hands|Drain Punch|p2a: Ting-Lu\n|-supereffective|p2a: Ting-Lu\n|-damage|p2a: Ting-Lu|40\/100\n|-heal|p1b: Iron Hands|83\/100 brn|[from] drain|[of] p2a: Ting-Lu\n|move|p2a: Ting-Lu|Throat Chop|p1a: Arcanine\n|-damage|p1a: Arcanine|34\/100 par\n|-start|p1a: Arcanine|Throat Chop|[silent]\n|cant|p1a: Arcanine|move: Throat Chop\n|\n|-heal|p2a: Ting-Lu|46\/100|[from] item: Leftovers\n|-damage|p1b: Iron Hands|77\/100 brn|[from] brn\n|upkeep\n|turn|12\n|j| tiziano911\n|c|\u2606Tempest brute|oh\n|c|\u2606Tempest brute|forgot about that\n|inactive|MiphaDeezNuts has 30 seconds left.\n|inactive|Tempest brute has 30 seconds left.\n|inactive|MiphaDeezNuts has 20 seconds left.\n|inactive|Tempest brute has 20 seconds left.\n|\n|t:|1682882278\n|switch|p2a: Roaring Moon|Roaring Moon, L50, tera:Flying|100\/100\n|cant|p1a: Arcanine|par\n|move|p2b: Skeledirge|Torch Song|p1b: Iron Hands\n|-damage|p1b: Iron Hands|54\/100 brn\n|-boost|p2b: Skeledirge|spa|1\n|move|p1b: Iron Hands|Wild Charge|p2b: Skeledirge\n|-damage|p2b: Skeledirge|73\/100\n|-damage|p1b: Iron Hands|50\/100 brn|[from] Recoil\n|-enditem|p1b: Iron Hands|Sitrus Berry|[eat]\n|-heal|p1b: Iron Hands|75\/100 brn|[from] item: Sitrus Berry\n|\n|-damage|p1b: Iron Hands|69\/100 brn|[from] brn\n|-end|p1a: Arcanine|Throat Chop|[silent]\n|upkeep\n|turn|13\n|l| tiziano911\n|\n|t:|1682882301\n|move|p2a: Roaring Moon|Substitute|p2a: Roaring Moon\n|-start|p2a: Roaring Moon|Substitute\n|-damage|p2a: Roaring Moon|75\/100\n|move|p2b: Skeledirge|Shadow Ball|p1a: Arcanine\n|-damage|p1a: Arcanine|0 fnt\n|faint|p1a: Arcanine\n|move|p1b: Iron Hands|Drain Punch|p2a: Roaring Moon\n|-resisted|p2a: Roaring Moon\n|-end|p2a: Roaring Moon|Substitute\n|-heal|p1b: Iron Hands|80\/100 brn|[from] drain|[of] p2a: Roaring Moon\n|\n|-damage|p1b: Iron Hands|74\/100 brn|[from] brn\n|upkeep\n|turn|14\n|inactive|MiphaDeezNuts has 30 seconds left.\n|\n|t:|1682882317\n|move|p2a: Roaring Moon|Protect|p2a: Roaring Moon\n|-singleturn|p2a: Roaring Moon|Protect\n|move|p2b: Skeledirge|Torch Song|p1b: Iron Hands\n|-damage|p1b: Iron Hands|43\/100 brn\n|-boost|p2b: Skeledirge|spa|1\n|move|p1b: Iron Hands|Drain Punch|p2a: Roaring Moon\n|-activate|p2a: Roaring Moon|move: Protect\n|\n|-damage|p1b: Iron Hands|37\/100 brn|[from] brn\n|upkeep\n|turn|15\n|inactive|MiphaDeezNuts has 30 seconds left this turn.\n|\n|t:|1682882328\n|move|p2a: Roaring Moon|Acrobatics|p1b: Iron Hands\n|-damage|p1b: Iron Hands|7\/100 brn\n|move|p2b: Skeledirge|Torch Song|p1b: Iron Hands\n|-damage|p1b: Iron Hands|0 fnt\n|-boost|p2b: Skeledirge|spa|1\n|faint|p1b: Iron Hands\n|-end|p1b: Iron Hands|Quark Drive|[silent]\n|\n|win|Tempest brute\n|inactive|MiphaDeezNuts has 25 seconds left this turn.\n|n|\u2606MiphaDeezNuts|miphadeeznuts\n|n|\u2606Tempest brute|tempestbrute\n|n| Radio Free C-Side|radiofreecside\n|n| RiotJuice|riotjuice\n","uploadtime":1682882330,"views":7,"p1id":"miphadeeznuts","p2id":"tempestbrute","formatid":"gen9vgc2023regulationc","rating":0,"private":0,"password":""}