{"id":"gen9vgc2023regulationc-1862351165","p1":"xxfghjkfkd","p2":"yy20041025","format":"[Gen 9] VGC 2023 Regulation C","log":"|j|\u2606xxfghjkfkd\n|j|\u2606yy20041025\n|t:|1683871046\n|gametype|doubles\n|player|p1|xxfghjkfkd|102|1021\n|player|p2|yy20041025|lyra|1000\n|teamsize|p1|6\n|teamsize|p2|6\n|gen|9\n|tier|[Gen 9] VGC 2023 Regulation C\n|rated|\n|rule|Species Clause: Limit one of each Pok\u00e9mon\n|rule|Item Clause: Limit one of each item\n|clearpoke\n|poke|p1|Lucario, L50, M|\n|poke|p1|Maushold-Four, L50|\n|poke|p1|Grimmsnarl, L50, M|\n|poke|p1|Annihilape, L50, F|\n|poke|p1|Flutter Mane, L50|\n|poke|p1|Chi-Yu, L50|\n|poke|p2|Annihilape, L50, M|\n|poke|p2|Maushold-Four, L50|\n|poke|p2|Arcanine, L50, M|\n|poke|p2|Amoonguss, L50, M|\n|poke|p2|Ting-Lu, L50|\n|poke|p2|Flutter Mane, L50|\n|teampreview|4\n|\n|t:|1683871076\n|start\n|switch|p1a: Flutter Mane|Flutter Mane, L50|100\/100\n|switch|p1b: Chi-Yu|Chi-Yu, L50|100\/100\n|switch|p2a: Maushold|Maushold-Four, L50, shiny|100\/100\n|switch|p2b: Annihilape|Annihilape, L50, M, shiny|100\/100\n|-ability|p1b: Chi-Yu|Beads of Ruin\n|turn|1\n|\n|t:|1683871105\n|-terastallize|p1a: Flutter Mane|Fairy\n|-terastallize|p2b: Annihilape|Fire\n|move|p2a: Maushold|Follow Me|p2a: Maushold\n|-singleturn|p2a: Maushold|move: Follow Me\n|move|p1b: Chi-Yu|Heat Wave|p2a: Maushold|[spread] p2a,p2b\n|-resisted|p2b: Annihilape\n|-damage|p2a: Maushold|51\/100\n|-damage|p2b: Annihilape|87\/100\n|move|p1a: Flutter Mane|Dazzling Gleam|p2b: Annihilape|[spread] p2a,p2b\n|-resisted|p2b: Annihilape\n|-damage|p2a: Maushold|0 fnt\n|-damage|p2b: Annihilape|65\/100\n|faint|p2a: Maushold\n|move|p2b: Annihilape|Bulk Up|p2b: Annihilape\n|-boost|p2b: Annihilape|atk|1\n|-boost|p2b: Annihilape|def|1\n|\n|-heal|p2b: Annihilape|71\/100|[from] item: Leftovers\n|upkeep\n|\n|t:|1683871131\n|switch|p2a: Flutter Mane|Flutter Mane, L50, shiny|100\/100\n|turn|2\n|\n|t:|1683871138\n|-end|p1a: Flutter Mane|Protosynthesis|[silent]\n|switch|p1a: Maushold|Maushold-Four, L50|100\/100\n|move|p2a: Flutter Mane|Protect|p2a: Flutter Mane\n|-singleturn|p2a: Flutter Mane|Protect\n|move|p2b: Annihilape|Protect|p2b: Annihilape\n|-singleturn|p2b: Annihilape|Protect\n|move|p1b: Chi-Yu|Heat Wave|p2b: Annihilape|[spread] \n|-activate|p2a: Flutter Mane|move: Protect\n|-activate|p2b: Annihilape|move: Protect\n|\n|-heal|p2b: Annihilape|77\/100|[from] item: Leftovers\n|upkeep\n|turn|3\n|\n|t:|1683871155\n|move|p1b: Chi-Yu|Heat Wave|p2a: Flutter Mane|[spread] p2a,p2b\n|-resisted|p2b: Annihilape\n|-damage|p2a: Flutter Mane|46\/100\n|-damage|p2b: Annihilape|61\/100\n|move|p2a: Flutter Mane|Dazzling Gleam|p1a: Maushold|[spread] p1a,p1b\n|-crit|p1b: Chi-Yu\n|-damage|p1a: Maushold|45\/100\n|-damage|p1b: Chi-Yu|57\/100\n|move|p1a: Maushold|Super Fang|p2b: Annihilape\n|-damage|p2b: Annihilape|31\/100\n|move|p2b: Annihilape|Drain Punch|p1b: Chi-Yu\n|-supereffective|p1b: Chi-Yu\n|-damage|p1b: Chi-Yu|0 fnt\n|-heal|p2b: Annihilape|48\/100|[from] drain|[of] p1b: Chi-Yu\n|faint|p1b: Chi-Yu\n|\n|-heal|p2b: Annihilape|54\/100|[from] item: Leftovers\n|upkeep\n|\n|t:|1683871163\n|switch|p1b: Flutter Mane|Flutter Mane, L50, tera:Fairy|100\/100\n|turn|4\n|\n|t:|1683871180\n|-end|p2a: Flutter Mane|Protosynthesis|[silent]\n|switch|p2a: Amoonguss|Amoonguss, L50, M, shiny|100\/100\n|move|p2b: Annihilape|Protect|p2b: Annihilape\n|-singleturn|p2b: Annihilape|Protect\n|move|p1b: Flutter Mane|Shadow Ball|p2b: Annihilape\n|-activate|p2b: Annihilape|move: Protect\n|move|p1a: Maushold|Super Fang|p2b: Annihilape\n|-activate|p2b: Annihilape|move: Protect\n|\n|-heal|p2b: Annihilape|60\/100|[from] item: Leftovers\n|upkeep\n|turn|5\n|\n|t:|1683871206\n|move|p1a: Maushold|Follow Me|p1a: Maushold\n|-singleturn|p1a: Maushold|move: Follow Me\n|move|p1b: Flutter Mane|Shadow Ball|p2b: Annihilape\n|-damage|p2b: Annihilape|14\/100\n|-unboost|p2b: Annihilape|spd|1\n|-ability|p2b: Annihilape|Defiant|boost\n|-boost|p2b: Annihilape|atk|2\n|move|p2b: Annihilape|Drain Punch|p1a: Maushold\n|-supereffective|p1a: Maushold\n|-damage|p1a: Maushold|0 fnt\n|-heal|p2b: Annihilape|33\/100|[from] drain|[of] p1a: Maushold\n|faint|p1a: Maushold\n|move|p2a: Amoonguss|Pollen Puff|p2b: Annihilape\n|-heal|p2b: Annihilape|83\/100\n|\n|-heal|p2b: Annihilape|89\/100|[from] item: Leftovers\n|upkeep\n|-message|xxfghjkfkd forfeited.\n|\n|win|yy20041025\n|raw|xxfghjkfkd's rating: 1021 → 1007<\/strong> (-14 for losing)\n|raw|yy20041025's rating: 1000 → 1042<\/strong> (+42 for winning)\n|l|\u2606xxfghjkfkd\n","uploadtime":1683871226,"views":5,"p1id":"xxfghjkfkd","p2id":"yy20041025","formatid":"gen9vgc2023regulationc","rating":1007,"private":0,"password":""}