{"id":"gen9vgc2023regulationc-1852381043","p1":"GholDenko","p2":"Ayabe0119","format":"[Gen 9] VGC 2023 Regulation C","log":"|j|\u2606GholDenko\n|j|\u2606Ayabe0119\n|t:|1682550579\n|gametype|doubles\n|player|p1|GholDenko|drayden|\n|player|p2|Ayabe0119|2|\n|teamsize|p1|6\n|teamsize|p2|6\n|gen|9\n|tier|[Gen 9] VGC 2023 Regulation C\n|rule|Species Clause: Limit one of each Pok\u00e9mon\n|rule|Item Clause: Limit one of each item\n|clearpoke\n|poke|p1|Chien-Pao, L50|\n|poke|p1|Palafin, L50, F|\n|poke|p1|Corviknight, L50, F|\n|poke|p1|Volcarona, L50, M|\n|poke|p1|Gothitelle, L50, M|\n|poke|p1|Iron Hands, L50|\n|poke|p2|Glimmora, L50, M|\n|poke|p2|Dragonite, L50, M|\n|poke|p2|Dondozo, L50, M|\n|poke|p2|Tatsugiri, L50, F|\n|poke|p2|Chi-Yu, L50|\n|poke|p2|Iron Bundle, L50|\n|teampreview|4\nAyabe0119 has agreed to open team sheets.\n|c|\u2606GholDenko|G3\nGholDenko has agreed to open team sheets.\n|c|\u2606GholDenko|GL HF!\n|\n|t:|1682551442\n|start\n|switch|p1a: Iron Hands|Iron Hands, L50|100\/100\n|switch|p1b: Palafin|Palafin, L50, F, shiny|100\/100\n|switch|p2a: Glimmora|Glimmora, L50, M, shiny|100\/100\n|switch|p2b: Dragonite|Dragonite, L50, M, shiny|100\/100\n|turn|1\n|\n|t:|1682551506\n|-terastallize|p2a: Glimmora|Grass\n|move|p1b: Palafin|Jet Punch|p2b: Dragonite\n|-resisted|p2b: Dragonite\n|-damage|p2b: Dragonite|93\/100\n|move|p2b: Dragonite|Earthquake|p1a: Iron Hands|[spread] p2a,p1a,p1b\n|-resisted|p2a: Glimmora\n|-supereffective|p1a: Iron Hands\n|-damage|p2a: Glimmora|83\/100\n|-damage|p1a: Iron Hands|46\/100\n|-damage|p1b: Palafin|51\/100\n|-activate|p2a: Glimmora|ability: Toxic Debris\n|-sidestart|p1: GholDenko|move: Toxic Spikes\n|move|p2a: Glimmora|Energy Ball|p1b: Palafin\n|-supereffective|p1b: Palafin\n|-damage|p1b: Palafin|0 fnt\n|faint|p1b: Palafin\n|move|p1a: Iron Hands|Wild Charge|p2b: Dragonite\n|-damage|p2b: Dragonite|44\/100\n|-damage|p1a: Iron Hands|38\/100|[from] Recoil\n|\n|upkeep\n|\n|t:|1682551531\n|switch|p1b: Volcarona|Volcarona, L50, M|100\/100\n|-status|p1b: Volcarona|psn\n|turn|2\n|\n|t:|1682551613\n|switch|p2b: Chi-Yu|Chi-Yu, L50|100\/100\n|-ability|p2b: Chi-Yu|Beads of Ruin\n|-end|p1a: Iron Hands|Quark Drive|[silent]\n|switch|p1a: Gothitelle|Gothitelle, L50, M|100\/100\n|-status|p1a: Gothitelle|psn\n|-terastallize|p1b: Volcarona|Grass\n|move|p1b: Volcarona|Quiver Dance|p1b: Volcarona\n|-boost|p1b: Volcarona|spa|1\n|-boost|p1b: Volcarona|spd|1\n|-boost|p1b: Volcarona|spe|1\n|move|p2a: Glimmora|Power Gem|p1b: Volcarona\n|-damage|p1b: Volcarona|71\/100 psn\n|\n|-heal|p1b: Volcarona|77\/100 psn|[from] item: Leftovers\n|-damage|p1b: Volcarona|65\/100 psn|[from] psn\n|-damage|p1a: Gothitelle|88\/100 psn|[from] psn\n|upkeep\n|turn|3\n|\n|t:|1682551652\n|move|p1a: Gothitelle|Fake Out|p2b: Chi-Yu\n|-damage|p2b: Chi-Yu|92\/100\n|move|p1b: Volcarona|Fiery Dance|p2a: Glimmora\n|-supereffective|p2a: Glimmora\n|-damage|p2a: Glimmora|0 fnt\n|faint|p2a: Glimmora\n|cant|p2b: Chi-Yu|flinch\n|\n|-heal|p1b: Volcarona|71\/100 psn|[from] item: Leftovers\n|-damage|p1b: Volcarona|58\/100 psn|[from] psn\n|-damage|p1a: Gothitelle|75\/100 psn|[from] psn\n|upkeep\n|\n|t:|1682551697\n|switch|p2a: Iron Bundle|Iron Bundle, L50, shiny|100\/100\n|-enditem|p2a: Iron Bundle|Booster Energy\n|-activate|p2a: Iron Bundle|ability: Quark Drive|[fromitem]\n|-start|p2a: Iron Bundle|quarkdrivespe\n|turn|4\n|\n|t:|1682551723\n|move|p2a: Iron Bundle|Icy Wind|p1b: Volcarona|[spread] p1a,p1b\n|-crit|p1a: Gothitelle\n|-supereffective|p1b: Volcarona\n|-damage|p1a: Gothitelle|43\/100 psn\n|-damage|p1b: Volcarona|27\/100 psn\n|-unboost|p1a: Gothitelle|spe|1\n|-unboost|p1b: Volcarona|spe|1\n|-enditem|p1a: Gothitelle|Sitrus Berry|[eat]\n|-heal|p1a: Gothitelle|68\/100 psn|[from] item: Sitrus Berry\n|move|p2b: Chi-Yu|Overheat|p1b: Volcarona|[miss]\n|-miss|p2b: Chi-Yu|p1b: Volcarona\n|move|p1b: Volcarona|Giga Drain|p2a: Iron Bundle\n|-supereffective|p2a: Iron Bundle\n|-damage|p2a: Iron Bundle|0 fnt\n|-heal|p1b: Volcarona|61\/100 psn|[from] drain|[of] p2a: Iron Bundle\n|faint|p2a: Iron Bundle\n|-end|p2a: Iron Bundle|Quark Drive|[silent]\n|move|p1a: Gothitelle|Trick Room|p1a: Gothitelle\n|-fieldstart|move: Trick Room|[of] p1a: Gothitelle\n|\n|-heal|p1b: Volcarona|68\/100 psn|[from] item: Leftovers\n|-damage|p1a: Gothitelle|56\/100 psn|[from] psn\n|-damage|p1b: Volcarona|55\/100 psn|[from] psn\n|upkeep\n|\n|t:|1682551734\n|switch|p2a: Dragonite|Dragonite, L50, M, shiny|44\/100\n|turn|5\n|\n|t:|1682551809\n|move|p1a: Gothitelle|Psychic|p2a: Dragonite\n|-damage|p2a: Dragonite|2\/100\n|move|p2a: Dragonite|Ice Spinner|p1b: Volcarona\n|-supereffective|p1b: Volcarona\n|-damage|p1b: Volcarona|0 fnt\n|faint|p1b: Volcarona\n|move|p2b: Chi-Yu|Overheat|p1a: Gothitelle\n|-damage|p1a: Gothitelle|0 fnt\n|-unboost|p2b: Chi-Yu|spa|2\n|faint|p1a: Gothitelle\n|\n|upkeep\n|\n|t:|1682551823\n|switch|p1b: Iron Hands|Iron Hands, L50|38\/100\n|-status|p1b: Iron Hands|psn\n|turn|6\n|\n|t:|1682551875\n|move|p2b: Chi-Yu|Protect|p2b: Chi-Yu\n|-singleturn|p2b: Chi-Yu|Protect\n|move|p1b: Iron Hands|Drain Punch|p2a: Dragonite\n|-resisted|p2a: Dragonite\n|-damage|p2a: Dragonite|0 fnt\n|-heal|p1b: Iron Hands|39\/100 psn|[from] drain|[of] p2a: Dragonite\n|faint|p2a: Dragonite\n|\n|-damage|p1b: Iron Hands|26\/100 psn|[from] psn\n|upkeep\n|turn|7\n|\n|t:|1682551887\n|move|p2b: Chi-Yu|Protect||[still]\n|-fail|p2b: Chi-Yu\n|move|p1b: Iron Hands|Drain Punch|p2b: Chi-Yu\n|-supereffective|p2b: Chi-Yu\n|-damage|p2b: Chi-Yu|0 fnt\n|-heal|p1b: Iron Hands|51\/100 psn|[from] drain|[of] p2b: Chi-Yu\n|faint|p2b: Chi-Yu\n|\n|win|GholDenko\n|c|\u2606GholDenko|GGs\n|c|\u2606Ayabe0119|ggs\n","uploadtime":1682551896,"views":9,"p1id":"gholdenko","p2id":"ayabe0119","formatid":"gen9vgc2023regulationc","rating":0,"private":0,"password":""}