{"id":"gen9vgc2023regulationc-1855623810","p1":"FakeAllen","p2":"NeUnderTown","format":"[Gen 9] VGC 2023 Regulation C","log":"|j|\u2606FakeAllen\n|j|\u2606NeUnderTown\n|t:|1682967442\n|gametype|doubles\n|player|p1|FakeAllen|101|1128\n|player|p2|NeUnderTown|giovanni-gen1rb|1187\n|teamsize|p1|6\n|teamsize|p2|6\n|gen|9\n|tier|[Gen 9] VGC 2023 Regulation C\n|rated|\n|rule|Species Clause: Limit one of each Pok\u00e9mon\n|rule|Item Clause: Limit one of each item\n|clearpoke\n|poke|p1|Golduck, L50, M|\n|poke|p1|Pelipper, L50, M|\n|poke|p1|Dondozo, L50, M|\n|poke|p1|Tatsugiri-Stretchy, L50, M|\n|poke|p1|Brute Bonnet, L50|\n|poke|p1|Scizor, L50, M|\n|poke|p2|Palafin, L50, M|\n|poke|p2|Amoonguss, L50, M|\n|poke|p2|Flutter Mane, L50|\n|poke|p2|Ting-Lu, L50|\n|poke|p2|Chi-Yu, L50|\n|poke|p2|Chien-Pao, L50|\n|teampreview|4\n|\n|t:|1682967500\n|start\n|switch|p1a: Pelican|Pelipper, L50, M, shiny|100\/100\n|switch|p1b: Blue Boi|Golduck, L50, M, shiny|100\/100\n|switch|p2a: Palafin|Palafin, L50, M|100\/100\n|switch|p2b: Flutter Mane|Flutter Mane, L50|100\/100\n|-weather|RainDance|[from] ability: Drizzle|[of] p1a: Pelican\n|turn|1\n|inactive|Battle timer is ON: inactive players will automatically lose when time's up. (requested by NeUnderTown)\n|inactive|NeUnderTown has 60 seconds left.\n|\n|t:|1682967541\n|-terastallize|p2b: Flutter Mane|Grass\n|move|p2a: Palafin|Protect|p2a: Palafin\n|-singleturn|p2a: Palafin|Protect\n|move|p1b: Blue Boi|Surf|p2b: Flutter Mane|[spread] p1a,p2b\n|-activate|p2a: Palafin|move: Protect\n|-resisted|p1a: Pelican\n|-crit|p1a: Pelican\n|-resisted|p2b: Flutter Mane\n|-damage|p1a: Pelican|31\/100\n|-damage|p2b: Flutter Mane|65\/100\n|move|p2b: Flutter Mane|Energy Ball|p1a: Pelican\n|-damage|p1a: Pelican|0 fnt\n|faint|p1a: Pelican\n|\n|-weather|RainDance|[upkeep]\n|upkeep\n|\n|t:|1682967558\n|switch|p1a: Mista|Scizor, L50, M, shiny|100\/100\n|turn|2\n|\n|t:|1682967581\n|detailschange|p2a: Palafin|Palafin-Hero, L50, M\n|switch|p2a: Amoonguss|Amoonguss, L50, M|100\/100\n|-terastallize|p1b: Blue Boi|Grass\n|move|p1a: Mista|Protect|p1a: Mista\n|-singleturn|p1a: Mista|Protect\n|move|p1b: Blue Boi|Surf|p2a: Amoonguss|[spread] p2a,p2b\n|-activate|p1a: Mista|move: Protect\n|-resisted|p2a: Amoonguss\n|-resisted|p2b: Flutter Mane\n|-damage|p2a: Amoonguss|73\/100\n|-damage|p2b: Flutter Mane|31\/100\n|move|p2b: Flutter Mane|Energy Ball|p1b: Blue Boi\n|-resisted|p1b: Blue Boi\n|-damage|p1b: Blue Boi|52\/100\n|\n|-weather|RainDance|[upkeep]\n|upkeep\n|turn|3\n|c|\u2606NeUnderTown|if everybody is shiny, nobody is shiny\n|c|\u2606NeUnderTown|think about that\n|inactive|FakeAllen has 30 seconds left.\n|inactive|NeUnderTown has 30 seconds left.\n|inactive|NeUnderTown has 20 seconds left.\n|inactive|NeUnderTown has 15 seconds left.\n|\n|t:|1682967625\n|-end|p2b: Flutter Mane|Protosynthesis|[silent]\n|switch|p2b: Palafin|Palafin-Hero, L50, M|100\/100\n|-activate|p2b: Palafin|ability: Zero to Hero\n|move|p2a: Amoonguss|Rage Powder|p2a: Amoonguss\n|-singleturn|p2a: Amoonguss|move: Rage Powder\n|move|p1b: Blue Boi|Surf|p2b: Palafin|[spread] p1a,p2a,p2b\n|-resisted|p2a: Amoonguss\n|-resisted|p2b: Palafin\n|-damage|p1a: Mista|23\/100\n|-damage|p2a: Amoonguss|45\/100\n|-damage|p2b: Palafin|69\/100\n|-enditem|p2a: Amoonguss|Sitrus Berry|[eat]\n|-heal|p2a: Amoonguss|70\/100|[from] item: Sitrus Berry\n|move|p1a: Mista|U-turn|p2a: Amoonguss\n|-damage|p2a: Amoonguss|38\/100\n|\n|t:|1682967639\n|switch|p1a: Ol Boy|Brute Bonnet, L50|100\/100|[from] U-turn\n|\n|-weather|RainDance|[upkeep]\n|upkeep\n|turn|4\n|c|\u2606FakeAllen|True\n|\n|t:|1682967663\n|move|p2a: Amoonguss|Rage Powder|p2a: Amoonguss\n|-singleturn|p2a: Amoonguss|move: Rage Powder\n|move|p1b: Blue Boi|Surf|p2a: Amoonguss|[spread] p1a,p2a,p2b\n|-resisted|p1a: Ol Boy\n|-resisted|p2a: Amoonguss\n|-resisted|p2b: Palafin\n|-damage|p1a: Ol Boy|73\/100\n|-damage|p2a: Amoonguss|6\/100\n|-damage|p2b: Palafin|36\/100\n|move|p2b: Palafin|Substitute|p2b: Palafin\n|-start|p2b: Palafin|Substitute\n|-damage|p2b: Palafin|12\/100\n|move|p1a: Ol Boy|Bullet Seed|p2b: Palafin\n|-supereffective|p2b: Palafin\n|-crit|p2b: Palafin\n|-end|p2b: Palafin|Substitute\n|-supereffective|p2b: Palafin\n|-damage|p2b: Palafin|0 fnt\n|faint|p2b: Palafin\n|-hitcount|p2: Palafin|2\n|\n|-weather|RainDance|[upkeep]\n|upkeep\n|\n|t:|1682967678\n|switch|p2b: Ting-Lu|Ting-Lu, L50|100\/100\n|-ability|p2b: Ting-Lu|Vessel of Ruin\n|turn|5\n|\n|t:|1682967689\n|move|p1a: Ol Boy|Protect|p1a: Ol Boy\n|-singleturn|p1a: Ol Boy|Protect\n|move|p2a: Amoonguss|Protect|p2a: Amoonguss\n|-singleturn|p2a: Amoonguss|Protect\n|move|p1b: Blue Boi|Surf|p2b: Ting-Lu|[spread] p2b\n|-activate|p1a: Ol Boy|move: Protect\n|-activate|p2a: Amoonguss|move: Protect\n|-supereffective|p2b: Ting-Lu\n|-damage|p2b: Ting-Lu|42\/100\n|move|p2b: Ting-Lu|Fissure|p1a: Ol Boy\n|-activate|p1a: Ol Boy|move: Protect\n|\n|-weather|RainDance|[upkeep]\n|upkeep\n|turn|6\n|\n|t:|1682967712\n|move|p1b: Blue Boi|Surf|p2a: Amoonguss|[spread] p1a,p2a,p2b\n|-resisted|p1a: Ol Boy\n|-resisted|p2a: Amoonguss\n|-supereffective|p2b: Ting-Lu\n|-damage|p1a: Ol Boy|52\/100\n|-damage|p2a: Amoonguss|0 fnt\n|-damage|p2b: Ting-Lu|0 fnt\n|faint|p2a: Amoonguss\n|faint|p2b: Ting-Lu\n|move|p1a: Ol Boy|Bullet Seed|p2: Amoonguss|[notarget]\n|-fail|p1a: Ol Boy\n|\n|-weather|RainDance|[upkeep]\n|upkeep\n|\n|t:|1682967720\n|switch|p2b: Flutter Mane|Flutter Mane, L50, tera:Grass|31\/100\n|turn|7\n|\n|t:|1682967725\n|move|p1a: Ol Boy|Sucker Punch|p2b: Flutter Mane\n|-damage|p2b: Flutter Mane|0 fnt\n|faint|p2b: Flutter Mane\n|-end|p2b: Flutter Mane|Protosynthesis|[silent]\n|\n|win|FakeAllen\n|raw|FakeAllen's rating: 1128 → 1157<\/strong> (+29 for winning)\n|raw|NeUnderTown's rating: 1187 → 1158<\/strong> (-29 for losing)\n|l|\u2606NeUnderTown\n|c|\u2606FakeAllen|Gg\n","uploadtime":1682967755,"views":14,"p1id":"fakeallen","p2id":"neundertown","formatid":"gen9vgc2023regulationc","rating":1157,"private":0,"password":""}