{"id":"gen9vgc2023regulationc-1853228165","p1":"Qwhehey","p2":"john0627","format":"[Gen 9] VGC 2023 Regulation C","log":"|j|\u2606Qwhehey\n|j|\u2606john0627\n|t:|1682651529\n|gametype|doubles\n|player|p1|Qwhehey|266|1032\n|player|p2|john0627|101|1116\n|teamsize|p1|6\n|teamsize|p2|6\n|gen|9\n|tier|[Gen 9] VGC 2023 Regulation C\n|rated|\n|rule|Species Clause: Limit one of each Pok\u00e9mon\n|rule|Item Clause: Limit one of each item\n|clearpoke\n|poke|p1|Masquerain, L50, M|\n|poke|p1|Chi-Yu, L50|\n|poke|p1|Kingambit, L50, M|\n|poke|p1|Ting-Lu, L50|\n|poke|p1|Torkoal, L50, M|\n|poke|p1|Iron Moth, L50|\n|poke|p2|Arcanine, L50, F|\n|poke|p2|Chien-Pao, L50|\n|poke|p2|Chi-Yu, L50|\n|poke|p2|Sableye, L50, M|\n|poke|p2|Gastrodon, L50, F|\n|poke|p2|Braviary, L50, M|\n|teampreview|4\n|inactive|Battle timer is ON: inactive players will automatically lose when time's up. (requested by Qwhehey)\n|\n|t:|1682651570\n|start\n|switch|p1a: Masquerain|Masquerain, L50, M, shiny|100\/100\n|switch|p1b: Kingambit|Kingambit, L50, M, shiny|100\/100\n|switch|p2a: Chien-Pao|Chien-Pao, L50|100\/100\n|switch|p2b: Braviary|Braviary, L50, M|100\/100\n|-ability|p2a: Chien-Pao|Sword of Ruin\n|-ability|p1a: Masquerain|Intimidate|boost\n|-unboost|p2a: Chien-Pao|atk|1\n|-unboost|p2b: Braviary|atk|1\n|turn|1\n|inactive|Qwhehey has 30 seconds left.\n|\n|t:|1682651598\n|move|p2a: Chien-Pao|Sacred Sword|p1b: Kingambit\n|-supereffective|p1b: Kingambit\n|-damage|p1b: Kingambit|16\/100\n|move|p1a: Masquerain|Tailwind|p1a: Masquerain\n|-sidestart|p1: Qwhehey|move: Tailwind\n|move|p1b: Kingambit|Iron Head|p2a: Chien-Pao\n|-supereffective|p2a: Chien-Pao\n|-crit|p2a: Chien-Pao\n|-enditem|p2a: Chien-Pao|Focus Sash\n|-damage|p2a: Chien-Pao|1\/100\n|move|p2b: Braviary|Tailwind|p2b: Braviary\n|-sidestart|p2: john0627|move: Tailwind\n|\n|upkeep\n|turn|2\n|inactive|john0627 has 30 seconds left.\n|\n|t:|1682651631\n|move|p2a: Chien-Pao|Sucker Punch|p1b: Kingambit\n|-resisted|p1b: Kingambit\n|-crit|p1b: Kingambit\n|-damage|p1b: Kingambit|0 fnt\n|faint|p1b: Kingambit\n|move|p1a: Masquerain|Icy Wind|p2a: Chien-Pao|[spread] p2a,p2b\n|-resisted|p2a: Chien-Pao\n|-supereffective|p2b: Braviary\n|-damage|p2a: Chien-Pao|0 fnt\n|-damage|p2b: Braviary|70\/100\n|-unboost|p2b: Braviary|spe|1\n|faint|p2a: Chien-Pao\n|move|p2b: Braviary|Brave Bird|p1a: Masquerain\n|-supereffective|p1a: Masquerain\n|-enditem|p1a: Masquerain|Focus Sash\n|-damage|p1a: Masquerain|1\/100\n|-damage|p2b: Braviary|44\/100|[from] Recoil\n|-damage|p2b: Braviary|34\/100|[from] item: Life Orb\n|\n|upkeep\n|\n|t:|1682651648\n|switch|p2a: Sableye|Sableye, L50, M|100\/100\n|switch|p1b: Iron Moth|Iron Moth, L50|100\/100\n|-enditem|p1b: Iron Moth|Booster Energy\n|-activate|p1b: Iron Moth|ability: Quark Drive|[fromitem]\n|-start|p1b: Iron Moth|quarkdrivespa\n|turn|3\n|\n|t:|1682651667\n|move|p2b: Braviary|Protect|p2b: Braviary\n|-singleturn|p2b: Braviary|Protect\n|move|p2a: Sableye|Fake Out|p1a: Masquerain\n|-damage|p1a: Masquerain|0 fnt\n|faint|p1a: Masquerain\n|move|p1b: Iron Moth|Fiery Dance|p2a: Sableye\n|-damage|p2a: Sableye|15\/100\n|-enditem|p2a: Sableye|Sitrus Berry|[eat]\n|-heal|p2a: Sableye|40\/100|[from] item: Sitrus Berry\n|\n|upkeep\n|\n|t:|1682651677\n|switch|p1a: Torkoal|Torkoal, L50, M, shiny|100\/100\n|-weather|SunnyDay|[from] ability: Drought|[of] p1a: Torkoal\n|turn|4\n|\n|t:|1682651690\n|-terastallize|p1a: Torkoal|Fire\n|move|p2a: Sableye|Disable|p1b: Iron Moth\n|-start|p1b: Iron Moth|Disable|Fiery Dance\n|move|p1b: Iron Moth|Solar Beam||[still]\n|-prepare|p1b: Iron Moth|Solar Beam\n|-anim|p1b: Iron Moth|Solar Beam|p2a: Sableye\n|-damage|p2a: Sableye|0 fnt\n|faint|p2a: Sableye\n|move|p2b: Braviary|Body Slam|p1a: Torkoal\n|-damage|p1a: Torkoal|52\/100\n|move|p1a: Torkoal|Heat Wave|p2b: Braviary\n|-damage|p2b: Braviary|0 fnt\n|faint|p2b: Braviary\n|\n|-weather|SunnyDay|[upkeep]\n|-sideend|p1: Qwhehey|move: Tailwind\n|-sideend|p2: john0627|move: Tailwind\n|upkeep\n|\n|t:|1682651710\n|switch|p2b: Chi-Yu|Chi-Yu, L50|100\/100\n|-ability|p2b: Chi-Yu|Beads of Ruin\n|turn|5\n|\n|t:|1682651721\n|move|p1b: Iron Moth|Struggle Bug|p2b: Chi-Yu\n|-damage|p2b: Chi-Yu|74\/100\n|-unboost|p2b: Chi-Yu|spa|1\n|move|p2b: Chi-Yu|Heat Wave|p1a: Torkoal|[spread] p1a,p1b\n|-resisted|p1a: Torkoal\n|-resisted|p1b: Iron Moth\n|-damage|p1a: Torkoal|0 fnt\n|-damage|p1b: Iron Moth|53\/100\n|faint|p1a: Torkoal\n|\n|-weather|SunnyDay|[upkeep]\n|upkeep\n|turn|6\n|\n|t:|1682651738\n|-terastallize|p2b: Chi-Yu|Fire\n|move|p1b: Iron Moth|Acid Spray|p2b: Chi-Yu\n|-damage|p2b: Chi-Yu|36\/100\n|-unboost|p2b: Chi-Yu|spd|2\n|move|p2b: Chi-Yu|Heat Wave|p1b: Iron Moth\n|-resisted|p1b: Iron Moth\n|-damage|p1b: Iron Moth|0 fnt\n|faint|p1b: Iron Moth\n|-end|p1b: Iron Moth|Quark Drive|[silent]\n|\n|win|john0627\n|raw|Qwhehey's rating: 1032 → 1021<\/strong> (-11 for losing)\n|raw|john0627's rating: 1116 → 1135<\/strong> (+19 for winning)\n|l|\u2606Qwhehey\n","uploadtime":1682651752,"views":11,"p1id":"qwhehey","p2id":"john0627","formatid":"gen9vgc2023regulationc","rating":1021,"private":0,"password":""}