{"id":"gen9vgc2023regulationc-1852455738","p1":"Aaron Space","p2":"foiledfeline","format":"[Gen 9] VGC 2023 Regulation C","log":"|j|\u2606Aaron Space\n|j|\u2606foiledfeline\n|t:|1682559817\n|gametype|doubles\n|player|p1|Aaron Space|2|1345\n|player|p2|foiledfeline|102|1293\n|teamsize|p1|6\n|teamsize|p2|6\n|gen|9\n|tier|[Gen 9] VGC 2023 Regulation C\n|rated|\n|rule|Species Clause: Limit one of each Pok\u00e9mon\n|rule|Item Clause: Limit one of each item\n|clearpoke\n|poke|p1|Bellibolt, L50, M|\n|poke|p1|Flutter Mane, L50|\n|poke|p1|Gyarados, L50, M|\n|poke|p1|Baxcalibur, L50, M|\n|poke|p1|Chi-Yu, L50|\n|poke|p1|Great Tusk, L50|\n|poke|p2|Flutter Mane, L50|\n|poke|p2|Talonflame, L50, M|\n|poke|p2|Baxcalibur, L50, M|\n|poke|p2|Ting-Lu, L50|\n|poke|p2|Breloom, L50, M|\n|poke|p2|Gyarados, L50, F|\n|teampreview|4\nfoiledfeline has agreed to open team sheets.\nAaron Space has agreed to open team sheets.\n|\n|t:|1682559910\n|start\n|switch|p1a: Tuskenraider|Great Tusk, L50|100\/100\n|switch|p1b: Tubby|Bellibolt, L50, M|100\/100\n|switch|p2a: Breloom|Breloom, L50, M|100\/100\n|switch|p2b: Gyarados|Gyarados, L50, F|100\/100\n|-ability|p2b: Gyarados|Intimidate|boost\n|-unboost|p1a: Tuskenraider|atk|1\n|-unboost|p1b: Tubby|atk|1\n|turn|1\n|\n|t:|1682559947\n|-end|p1a: Tuskenraider|Protosynthesis|[silent]\n|switch|p1a: Cajun|Gyarados, L50, M, shiny|100\/100\n|-ability|p1a: Cajun|Intimidate|boost\n|-unboost|p2a: Breloom|atk|1\n|-unboost|p2b: Gyarados|atk|1\n|move|p2a: Breloom|Spore|p1b: Tubby\n|-status|p1b: Tubby|slp|[from] move: Spore\n|move|p2b: Gyarados|Waterfall|p1a: Cajun\n|-resisted|p1a: Cajun\n|-damage|p1a: Cajun|86\/100\n|cant|p1b: Tubby|slp\n|\n|upkeep\n|turn|2\n|\n|t:|1682559969\n|switch|p2a: Baxcalibur|Baxcalibur, L50, M|100\/100\n|move|p1a: Cajun|Taunt|p2a: Baxcalibur\n|-start|p2a: Baxcalibur|move: Taunt\n|move|p2b: Gyarados|Thunder Wave|p1a: Cajun\n|-status|p1a: Cajun|par\n|cant|p1b: Tubby|slp\n|\n|upkeep\n|turn|3\n|\n|t:|1682560004\n|switch|p2b: Breloom|Breloom, L50, M|100\/100\n|move|p2a: Baxcalibur|Glaive Rush|p1a: Cajun\n|-damage|p1a: Cajun|7\/100 par\n|-singlemove|p2a: Baxcalibur|Glaive Rush|[silent]\n|-enditem|p1a: Cajun|Sitrus Berry|[eat]\n|-heal|p1a: Cajun|32\/100 par|[from] item: Sitrus Berry\n|-curestatus|p1b: Tubby|slp|[msg]\n|move|p1b: Tubby|Thunderbolt|p2b: Breloom\n|-resisted|p2b: Breloom\n|-damage|p2b: Breloom|55\/100\n|move|p1a: Cajun|Iron Head|p2a: Baxcalibur\n|-supereffective|p2a: Baxcalibur\n|-damage|p2a: Baxcalibur|0 fnt\n|faint|p2a: Baxcalibur\n|\n|upkeep\n|\n|t:|1682560034\n|switch|p2a: Gyarados|Gyarados, L50, F|100\/100\n|-ability|p2a: Gyarados|Intimidate|boost\n|-unboost|p1a: Cajun|atk|1\n|-unboost|p1b: Tubby|atk|1\n|turn|4\n|\n|t:|1682560076\n|switch|p1a: Little Foot|Baxcalibur, L50, M|100\/100\n|-terastallize|p2a: Gyarados|Steel\n|move|p2b: Breloom|Rock Tomb|p1a: Little Foot\n|-supereffective|p1a: Little Foot\n|-damage|p1a: Little Foot|45\/100\n|-unboost|p1a: Little Foot|spe|1\n|move|p2a: Gyarados|Waterfall|p1b: Tubby\n|-damage|p1b: Tubby|65\/100\n|-start|p1b: Tubby|Charge|Waterfall|[from] ability: Electromorphosis\n|move|p1b: Tubby|Thunderbolt|p2a: Gyarados\n|-damage|p2a: Gyarados|30\/100\n|-status|p2a: Gyarados|par\n|-end|p1b: Tubby|Charge|[silent]\n|\n|upkeep\n|turn|5\n|\n|t:|1682560129\n|move|p1a: Little Foot|Ice Shard|p2b: Breloom\n|-supereffective|p2b: Breloom\n|-damage|p2b: Breloom|0 fnt\n|faint|p2b: Breloom\n|move|p1b: Tubby|Thunderbolt|p2a: Gyarados\n|-damage|p2a: Gyarados|0 fnt\n|faint|p2a: Gyarados\n|\n|upkeep\n|\n|t:|1682560137\n|switch|p2b: Talonflame|Talonflame, L50, M|100\/100\n|turn|6\n|-message|foiledfeline forfeited.\n|\n|win|Aaron Space\n|raw|Aaron Space's rating: 1345 → 1362<\/strong> (+17 for winning)\n|raw|foiledfeline's rating: 1293 → 1272<\/strong> (-21 for losing)\n","uploadtime":1682560147,"views":12,"p1id":"aaronspace","p2id":"foiledfeline","formatid":"gen9vgc2023regulationc","rating":1272,"private":0,"password":""}