{"id":"gen9vgc2023regulationc-1859235895","p1":"Sumovgc","p2":"Ytterby","format":"[Gen 9] VGC 2023 Regulation C","log":"|j|\u2606Sumovgc\n|j|\u2606Ytterby\n|t:|1683421908\n|gametype|doubles\n|player|p1|Sumovgc|1|\n|player|p2|Ytterby|brycenman|\n|teamsize|p1|6\n|teamsize|p2|6\n|gen|9\n|tier|[Gen 9] VGC 2023 Regulation C\n|rule|Species Clause: Limit one of each Pok\u00e9mon\n|rule|Item Clause: Limit one of each item\n|clearpoke\n|poke|p1|Clodsire, L50, F|\n|poke|p1|Sableye, L50, M|\n|poke|p1|Sandy Shocks, L50|\n|poke|p1|Pachirisu, L50, M|\n|poke|p1|Tyranitar, L50, M|\n|poke|p1|Scizor, L50, M|\n|poke|p2|Murkrow, L50, M|\n|poke|p2|Garchomp, L50, M|\n|poke|p2|Barraskewda, L50, M|\n|poke|p2|Klefki, L50, M|\n|poke|p2|Salamence, L50, M|\n|poke|p2|Hariyama, L50, F|\n|teampreview|4\n|c|\u2606Ytterby|g2!\n|c|\u2606Ytterby|glhfff\n|c|\u2606Sumovgc|glhf\nYtterby has agreed to open team sheets.\n|\n|t:|1683421964\n|start\n|switch|p1a: Salad Fingers|Sableye, L50, M|100\/100\n|switch|p1b: really fast|Scizor, L50, M|100\/100\n|switch|p2a: Keymstar|Klefki, L50, M, shiny|100\/100\n|switch|p2b: Harry Handz|Hariyama, L50, F, shiny|100\/100\n|turn|1\n|\n|t:|1683422009\n|move|p1a: Salad Fingers|Fake Out|p2b: Harry Handz\n|-damage|p2b: Harry Handz|93\/100\n|cant|p2b: Harry Handz|flinch\n|move|p2a: Keymstar|Steel Beam|p1a: Salad Fingers\n|-crit|p1a: Salad Fingers\n|-damage|p1a: Salad Fingers|0 fnt\n|-damage|p2a: Keymstar|50\/100|[from] steelbeam\n|-enditem|p2a: Keymstar|Sitrus Berry|[eat]\n|-heal|p2a: Keymstar|75\/100|[from] item: Sitrus Berry\n|faint|p1a: Salad Fingers\n|move|p1b: really fast|Swords Dance|p1b: really fast\n|-boost|p1b: really fast|atk|2\n|\n|upkeep\n|c|\u2606Sumovgc|LOL\n|c|\u2606Sumovgc|ahahahahahaha\n|\n|t:|1683422024\n|switch|p1a: Clodding bodies|Clodsire, L50, F|100\/100\n|turn|2\n|c|\u2606Ytterby|R E K T by the beeeeeem\n|c|\u2606Ytterby|xD\n|c|\u2606Sumovgc|thats hilarious\n|\n|t:|1683422059\n|-terastallize|p2b: Harry Handz|Steel\n|move|p2a: Keymstar|Thunder Wave|p1b: really fast\n|-status|p1b: really fast|par\n|move|p1b: really fast|Bullet Punch|p2a: Keymstar\n|-damage|p2a: Keymstar|0 fnt\n|faint|p2a: Keymstar\n|move|p2b: Harry Handz|Headlong Rush|p1a: Clodding bodies\n|-supereffective|p1a: Clodding bodies\n|-damage|p1a: Clodding bodies|54\/100\n|-unboost|p2b: Harry Handz|def|1\n|-unboost|p2b: Harry Handz|spd|1\n|move|p1a: Clodding bodies|Stockpile|p1a: Clodding bodies\n|-start|p1a: Clodding bodies|stockpile1\n|-boost|p1a: Clodding bodies|def|1\n|-boost|p1a: Clodding bodies|spd|1\n|\n|-heal|p1a: Clodding bodies|60\/100|[from] item: Leftovers\n|upkeep\n|c|\u2606Sumovgc|i saw the move on team sheet and was like \"pfft thatll do nothing\"\n|c|\u2606Ytterby|speaking of doing nothing\n|c|\u2606Ytterby|zoinks\n|c|\u2606Sumovgc|clod is a BIG BOI\n|\n|t:|1683422105\n|switch|p2a: 69\/420|Barraskewda, L50, M|100\/100\n|turn|3\n|\n|t:|1683422120\n|switch|p2b: Munchies|Garchomp, L50, M|100\/100\n|move|p1b: really fast|Bullet Punch|p2a: 69\/420\n|-resisted|p2a: 69\/420\n|-damage|p2a: 69\/420|39\/100\n|move|p2a: 69\/420|Liquidation|p1b: really fast\n|-damage|p1b: really fast|33\/100 par\n|move|p1a: Clodding bodies|Recover|p1a: Clodding bodies\n|-heal|p1a: Clodding bodies|100\/100\n|\n|upkeep\n|turn|4\n|\n|t:|1683422147\n|switch|p2a: Harry Handz|Hariyama, L50, F, shiny, tera:Steel|93\/100\n|move|p1b: really fast|Bullet Punch|p2b: Munchies\n|-damage|p2b: Munchies|28\/100\n|move|p2b: Munchies|Stomping Tantrum|p1b: really fast\n|-damage|p1b: really fast|0 fnt\n|faint|p1b: really fast\n|move|p1a: Clodding bodies|Stockpile|p1a: Clodding bodies\n|-start|p1a: Clodding bodies|stockpile2\n|-boost|p1a: Clodding bodies|def|1\n|-boost|p1a: Clodding bodies|spd|1\n|\n|upkeep\n|\n|t:|1683422157\n|switch|p1b: THICC BOI|Tyranitar, L50, M|100\/100\n|-ability|p1b: THICC BOI|Unnerve\n|turn|5\n|\n|t:|1683422193\n|move|p1b: THICC BOI|Protect|p1b: THICC BOI\n|-singleturn|p1b: THICC BOI|Protect\n|move|p2a: Harry Handz|Fake Out|p1b: THICC BOI\n|-activate|p1b: THICC BOI|move: Protect\n|move|p2b: Munchies|Rock Slide|p1a: Clodding bodies|[spread] p1a\n|-activate|p1b: THICC BOI|move: Protect\n|-resisted|p1a: Clodding bodies\n|-damage|p1a: Clodding bodies|97\/100\n|cant|p1a: Clodding bodies|flinch\n|\n|-heal|p1a: Clodding bodies|100\/100|[from] item: Leftovers\n|upkeep\n|turn|6\n|c|\u2606Ytterby|FLANCH\n|\n|t:|1683422222\n|-terastallize|p1b: THICC BOI|Flying\n|move|p2b: Munchies|Rock Slide|p1b: THICC BOI|[spread] p1a,p1b\n|-resisted|p1a: Clodding bodies\n|-supereffective|p1b: THICC BOI\n|-damage|p1a: Clodding bodies|97\/100\n|-damage|p1b: THICC BOI|69\/100\n|move|p1b: THICC BOI|Tera Blast|p2b: Munchies\n|-damage|p2b: Munchies|0 fnt\n|faint|p2b: Munchies\n|move|p2a: Harry Handz|Close Combat|p1b: THICC BOI\n|-resisted|p1b: THICC BOI\n|-damage|p1b: THICC BOI|52\/100\n|-unboost|p2a: Harry Handz|def|1\n|-unboost|p2a: Harry Handz|spd|1\n|move|p1a: Clodding bodies|Earth Power|p2a: Harry Handz\n|-supereffective|p2a: Harry Handz\n|-damage|p2a: Harry Handz|71\/100\n|\n|-heal|p1a: Clodding bodies|100\/100|[from] item: Leftovers\n|upkeep\n|c|\u2606Ytterby|nice blast\n|c|\u2606Sumovgc|the damage ;(\n|c|\u2606Ytterby|very tera\n|c|\u2606Ytterby|yea clod's special attack is bery sad\n|\n|t:|1683422263\n|switch|p2b: 69\/420|Barraskewda, L50, M|39\/100\n|turn|7\n|\n|t:|1683422297\n|move|p1b: THICC BOI|Protect|p1b: THICC BOI\n|-singleturn|p1b: THICC BOI|Protect\n|move|p2b: 69\/420|Liquidation|p1b: THICC BOI\n|-activate|p1b: THICC BOI|move: Protect\n|move|p2a: Harry Handz|Headlong Rush|p1a: Clodding bodies\n|-supereffective|p1a: Clodding bodies\n|-damage|p1a: Clodding bodies|73\/100\n|-unboost|p2a: Harry Handz|def|1\n|-unboost|p2a: Harry Handz|spd|1\n|move|p1a: Clodding bodies|Earth Power|p2b: 69\/420\n|-damage|p2b: 69\/420|1\/100\n|-unboost|p2b: 69\/420|spd|1\n|\n|-heal|p1a: Clodding bodies|79\/100|[from] item: Leftovers\n|upkeep\n|turn|8\n|c|\u2606Sumovgc|the 1%\n|c|\u2606Ytterby|WHOAR\n|c|\u2606Ytterby|1HP\n|c|\u2606Ytterby|50 base spdef\n|\n|t:|1683422336\n|move|p2b: 69\/420|Liquidation|p1b: THICC BOI\n|-damage|p1b: THICC BOI|0 fnt\n|faint|p1b: THICC BOI\n|move|p2a: Harry Handz|Headlong Rush|p1a: Clodding bodies\n|-supereffective|p1a: Clodding bodies\n|-damage|p1a: Clodding bodies|56\/100\n|-unboost|p2a: Harry Handz|def|1\n|-unboost|p2a: Harry Handz|spd|1\n|move|p1a: Clodding bodies|Earth Power|p2b: 69\/420\n|-damage|p2b: 69\/420|0 fnt\n|faint|p2b: 69\/420\n|\n|-heal|p1a: Clodding bodies|62\/100|[from] item: Leftovers\n|upkeep\n|turn|9\n|c|\u2606Sumovgc|clod going hard this game though\n|c|\u2606Ytterby|cheers boss i was locked into liquidation lol\n|c|\u2606Sumovgc|lol thats so true\n|\n|t:|1683422370\n|move|p2a: Harry Handz|Headlong Rush|p1a: Clodding bodies\n|-supereffective|p1a: Clodding bodies\n|-damage|p1a: Clodding bodies|36\/100\n|-unboost|p2a: Harry Handz|def|1\n|-unboost|p2a: Harry Handz|spd|1\n|move|p1a: Clodding bodies|Recover|p1a: Clodding bodies\n|-heal|p1a: Clodding bodies|86\/100\n|\n|-heal|p1a: Clodding bodies|92\/100|[from] item: Leftovers\n|upkeep\n|turn|10\n|c|\u2606Ytterby|ultracrit letsgo\n|c|\u2606Sumovgc|:(\n|\n|t:|1683422381\n|move|p2a: Harry Handz|Headlong Rush|p1a: Clodding bodies\n|-supereffective|p1a: Clodding bodies\n|-damage|p1a: Clodding bodies|69\/100\n|-unboost|p2a: Harry Handz|def|1\n|-unboost|p2a: Harry Handz|spd|1\n|move|p1a: Clodding bodies|Earth Power|p2a: Harry Handz\n|-supereffective|p2a: Harry Handz\n|-damage|p2a: Harry Handz|16\/100\n|\n|-heal|p1a: Clodding bodies|75\/100|[from] item: Leftovers\n|upkeep\n|turn|11\n|c|\u2606Sumovgc|lol it still survived\n|c|\u2606Ytterby|SUPER ULTRA CRIT BABY LETS GO\n|\n|t:|1683422401\n|move|p2a: Harry Handz|Iron Head|p1a: Clodding bodies\n|-damage|p1a: Clodding bodies|63\/100\n|move|p1a: Clodding bodies|Earth Power|p2a: Harry Handz\n|-supereffective|p2a: Harry Handz\n|-damage|p2a: Harry Handz|0 fnt\n|faint|p2a: Harry Handz\n|\n|win|Sumovgc\n|c|\u2606Sumovgc|lol\n|c|\u2606Sumovgc|GG\n|c|\u2606Ytterby|gg well played man xD\n|c|\u2606Sumovgc|that was fun\n|c|\u2606Ytterby|agreed\n|c|\u2606Ytterby|<3\n|c|\u2606Sumovgc|now to go get bodied by the TCG group\n|c|\u2606Ytterby|klefki got a kill so i'm happy\n|c|\u2606Ytterby|hahah gl\n","uploadtime":1683422421,"views":12,"p1id":"sumovgc","p2id":"ytterby","formatid":"gen9vgc2023regulationc","rating":0,"private":0,"password":""}