{"id":"gen9vgc2023regulationc-1862369867","p1":"devgeeks","p2":"Capitanaustria","format":"[Gen 9] VGC 2023 Regulation C","log":"|j|\u2606devgeeks\n|j|\u2606Capitanaustria\n|t:|1683874509\n|gametype|doubles\n|player|p1|devgeeks|collector|1162\n|player|p2|Capitanaustria|170|1092\n|teamsize|p1|6\n|teamsize|p2|6\n|gen|9\n|tier|[Gen 9] VGC 2023 Regulation C\n|rated|\n|rule|Species Clause: Limit one of each Pok\u00e9mon\n|rule|Item Clause: Limit one of each item\n|clearpoke\n|poke|p1|Palafin, L50, F|\n|poke|p1|Amoonguss, L50, M|\n|poke|p1|Flutter Mane, L50|\n|poke|p1|Annihilape, L50, M|\n|poke|p1|Maushold-Four, L50|\n|poke|p1|Baxcalibur, L50, F|\n|poke|p2|Ting-Lu, L50|\n|poke|p2|Abomasnow, L50, F|\n|poke|p2|Bisharp, L50, M|\n|poke|p2|Haxorus, L50, M|\n|poke|p2|Glalie, L50, F|\n|poke|p2|Camerupt, L50, M|\n|teampreview|4\nCapitanaustria rejected open team sheets.\n|inactive|Battle timer is ON: inactive players will automatically lose when time's up. (requested by Capitanaustria)\n|\n|t:|1683874540\n|start\n|switch|p1a: Maushold|Maushold-Four, L50|100\/100\n|switch|p1b: Annihilape|Annihilape, L50, M|100\/100\n|switch|p2a: Bisharp|Bisharp, L50, M, shiny|100\/100\n|switch|p2b: Ting-Lu|Ting-Lu, L50|100\/100\n|-ability|p2b: Ting-Lu|Vessel of Ruin\n|turn|1\n|inactive|devgeeks has 30 seconds left.\n|\n|t:|1683874566\n|-terastallize|p2a: Bisharp|Flying\n|move|p1a: Maushold|Beat Up|p1b: Annihilape\n|-damage|p1b: Annihilape|99\/100\n|-damage|p1b: Annihilape|97\/100\n|-damage|p1b: Annihilape|95\/100\n|-damage|p1b: Annihilape|93\/100\n|-hitcount|p1b: Annihilape|4\n|move|p2a: Bisharp|Guillotine|p1a: Maushold|[miss]\n|-miss|p2a: Bisharp|p1a: Maushold\n|move|p1b: Annihilape|Bulk Up|p1b: Annihilape\n|-boost|p1b: Annihilape|atk|1\n|-boost|p1b: Annihilape|def|1\n|move|p2b: Ting-Lu|Fissure|p1a: Maushold|[miss]\n|-miss|p2b: Ting-Lu|p1a: Maushold\n|\n|-heal|p1b: Annihilape|99\/100|[from] item: Leftovers\n|upkeep\n|turn|2\n|inactive|devgeeks has 30 seconds left.\n|\n|t:|1683874599\n|move|p1a: Maushold|Super Fang|p2b: Ting-Lu\n|-damage|p2b: Ting-Lu|50\/100\n|move|p2a: Bisharp|Guillotine|p1a: Maushold|[miss]\n|-miss|p2a: Bisharp|p1a: Maushold\n|move|p1b: Annihilape|Rage Fist|p2a: Bisharp\n|-damage|p2a: Bisharp|0 fnt\n|faint|p2a: Bisharp\n|move|p2b: Ting-Lu|Fissure|p1b: Annihilape|[miss]\n|-miss|p2b: Ting-Lu|p1b: Annihilape\n|\n|-heal|p1b: Annihilape|100\/100|[from] item: Leftovers\n|upkeep\n|\n|t:|1683874622\n|switch|p2a: Haxorus|Haxorus, L50, M, shiny|100\/100\n|-ability|p2a: Haxorus|Unnerve\n|turn|3\n|\n|t:|1683874636\n|move|p1a: Maushold|Super Fang|p2a: Haxorus\n|-damage|p2a: Haxorus|51\/100\n|move|p2a: Haxorus|Guillotine|p1a: Maushold|[miss]\n|-miss|p2a: Haxorus|p1a: Maushold\n|move|p1b: Annihilape|Rage Fist|p2b: Ting-Lu\n|-resisted|p2b: Ting-Lu\n|-crit|p2b: Ting-Lu\n|-damage|p2b: Ting-Lu|0 fnt\n|faint|p2b: Ting-Lu\n|\n|upkeep\n|\n|t:|1683874645\n|switch|p2b: Abomasnow|Abomasnow, L50, F, shiny|100\/100\n|-weather|Snow|[from] ability: Snow Warning|[of] p2b: Abomasnow\n|turn|4\n|\n|t:|1683874665\n|move|p1a: Maushold|Super Fang|p2b: Abomasnow\n|-damage|p2b: Abomasnow|51\/100\n|move|p2a: Haxorus|Guillotine|p1b: Annihilape\n|-immune|p1b: Annihilape\n|move|p2b: Abomasnow|Sheer Cold|p1a: Maushold|[miss]\n|-miss|p2b: Abomasnow|p1a: Maushold\n|move|p1b: Annihilape|Rage Fist|p2a: Haxorus\n|-damage|p2a: Haxorus|0 fnt\n|faint|p2a: Haxorus\n|\n|-weather|Snow|[upkeep]\n|upkeep\n|turn|5\n|c|\u2606devgeeks|hahaha\n|inactive|Capitanaustria has 30 seconds left.\n|inactive|Capitanaustria has 20 seconds left.\n|inactive|Capitanaustria has 15 seconds left.\n|\n|t:|1683874707\n|move|p1a: Maushold|Super Fang|p2b: Abomasnow\n|-damage|p2b: Abomasnow|26\/100\n|-enditem|p2b: Abomasnow|Sitrus Berry|[eat]\n|-heal|p2b: Abomasnow|51\/100|[from] item: Sitrus Berry\n|move|p2b: Abomasnow|Sheer Cold|p1a: Maushold|[miss]\n|-miss|p2b: Abomasnow|p1a: Maushold\n|move|p1b: Annihilape|Rage Fist|p2b: Abomasnow\n|-damage|p2b: Abomasnow|0 fnt\n|faint|p2b: Abomasnow\n|\n|win|devgeeks\n|raw|devgeeks's rating: 1162 → 1182<\/strong> (+20 for winning)\n|raw|Capitanaustria's rating: 1092 → 1073<\/strong> (-19 for losing)\n|l|\u2606Capitanaustria\n","uploadtime":1683874751,"views":10,"p1id":"devgeeks","p2id":"capitanaustria","formatid":"gen9vgc2023regulationc","rating":1073,"private":0,"password":""}