{"id":"gen9vgc2023regulationc-1856435437","p1":"Jonesm4","p2":"haha you rage quit","format":"[Gen 9] VGC 2023 Regulation C","log":"|j|\u2606Jonesm4\n|j|\u2606haha you rage quit\n|t:|1683061286\n|gametype|doubles\n|player|p1|Jonesm4|2|1219\n|player|p2|haha you rage quit|pokemaniac|1184\n|teamsize|p1|6\n|teamsize|p2|6\n|gen|9\n|tier|[Gen 9] VGC 2023 Regulation C\n|rated|\n|rule|Species Clause: Limit one of each Pok\u00e9mon\n|rule|Item Clause: Limit one of each item\n|clearpoke\n|poke|p1|Corviknight, L50, F|\n|poke|p1|Arcanine, L50, M|\n|poke|p1|Tyranitar, L50, F|\n|poke|p1|Garchomp, L50, M|\n|poke|p1|Amoonguss, L50, M|\n|poke|p1|Gastrodon-East, L50, M|\n|poke|p2|Flutter Mane, L50|\n|poke|p2|Chi-Yu, L50|\n|poke|p2|Great Tusk, L50|\n|poke|p2|Gholdengo, L50|\n|poke|p2|Murkrow, L50, M|\n|poke|p2|Talonflame, L50, M|\n|teampreview|4\n|\n|t:|1683061339\n|start\n|switch|p1a: Tyranitar|Tyranitar, L50, F|100\/100\n|switch|p1b: Arcanine|Arcanine, L50, M|100\/100\n|switch|p2a: Great Tusk|Great Tusk, L50, shiny|100\/100\n|switch|p2b: Murkrow|Murkrow, L50, M|100\/100\n|-ability|p1b: Arcanine|Intimidate|boost\n|-unboost|p2a: Great Tusk|atk|1\n|-unboost|p2b: Murkrow|atk|1\n|-weather|Sandstorm|[from] ability: Sand Stream|[of] p1a: Tyranitar\n|turn|1\n|\n|t:|1683061373\n|switch|p1a: Amoonguss|Amoonguss, L50, M|100\/100\n|move|p2b: Murkrow|Tailwind|p2b: Murkrow\n|-sidestart|p2: haha you rage quit|move: Tailwind\n|move|p2a: Great Tusk|Rock Slide|p1a: Amoonguss|[spread] p1a,p1b\n|-supereffective|p1b: Arcanine\n|-damage|p1a: Amoonguss|83\/100\n|-damage|p1b: Arcanine|57\/100\n|move|p1b: Arcanine|Will-O-Wisp|p2a: Great Tusk|[miss]\n|-miss|p1b: Arcanine|p2a: Great Tusk\n|\n|-weather|Sandstorm|[upkeep]\n|-damage|p2b: Murkrow|95\/100|[from] Sandstorm\n|-damage|p1a: Amoonguss|77\/100|[from] Sandstorm\n|upkeep\n|turn|2\n|\n|t:|1683061392\n|switch|p1b: Corviknight|Corviknight, L50, F|100\/100\n|move|p2b: Murkrow|Sunny Day|p2b: Murkrow\n|-weather|SunnyDay\n|-activate|p2a: Great Tusk|ability: Protosynthesis\n|-start|p2a: Great Tusk|protosynthesisdef\n|move|p2a: Great Tusk|Rock Slide|p1b: Corviknight|[spread] p1a,p1b\n|-damage|p1a: Amoonguss|60\/100\n|-damage|p1b: Corviknight|82\/100\n|move|p1a: Amoonguss|Spore|p2a: Great Tusk\n|-status|p2a: Great Tusk|slp|[from] move: Spore\n|\n|-weather|SunnyDay|[upkeep]\n|upkeep\n|turn|3\n|\n|t:|1683061412\n|move|p2b: Murkrow|Haze|p2b: Murkrow\n|-clearallboost\n|cant|p2a: Great Tusk|slp\n|move|p1b: Corviknight|Bulk Up|p1b: Corviknight\n|-boost|p1b: Corviknight|atk|1\n|-boost|p1b: Corviknight|def|1\n|move|p1a: Amoonguss|Spore|p2b: Murkrow\n|-status|p2b: Murkrow|slp|[from] move: Spore\n|\n|-weather|SunnyDay|[upkeep]\n|upkeep\n|turn|4\n|\n|t:|1683061432\n|switch|p1a: Arcanine|Arcanine, L50, M|57\/100\n|-ability|p1a: Arcanine|Intimidate|boost\n|-unboost|p2a: Great Tusk|atk|1\n|-unboost|p2b: Murkrow|atk|1\n|cant|p2b: Murkrow|slp\n|cant|p2a: Great Tusk|slp\n|move|p1b: Corviknight|Brave Bird|p2a: Great Tusk\n|-supereffective|p2a: Great Tusk\n|-damage|p2a: Great Tusk|27\/100 slp\n|-damage|p1b: Corviknight|54\/100|[from] Recoil\n|\n|-weather|SunnyDay|[upkeep]\n|-sideend|p2: haha you rage quit|move: Tailwind\n|upkeep\n|turn|5\n|\n|t:|1683061461\n|-curestatus|p2b: Murkrow|slp|[msg]\n|move|p2b: Murkrow|Tailwind|p2b: Murkrow\n|-sidestart|p2: haha you rage quit|move: Tailwind\n|cant|p2a: Great Tusk|slp\n|move|p1a: Arcanine|Flare Blitz|p2a: Great Tusk\n|-damage|p2a: Great Tusk|0 fnt\n|faint|p2a: Great Tusk\n|-end|p2a: Great Tusk|Protosynthesis|[silent]\n|-damage|p1a: Arcanine|47\/100|[from] Recoil\n|move|p1b: Corviknight|Brave Bird|p2b: Murkrow\n|-damage|p2b: Murkrow|0 fnt\n|faint|p2b: Murkrow\n|-damage|p1b: Corviknight|27\/100|[from] Recoil\n|-enditem|p1b: Corviknight|Sitrus Berry|[eat]\n|-heal|p1b: Corviknight|52\/100|[from] item: Sitrus Berry\n|\n|-weather|SunnyDay|[upkeep]\n|upkeep\n|\n|t:|1683061475\n|switch|p2b: Chi-Yu|Chi-Yu, L50|100\/100\n|switch|p2a: Gholdengo|Gholdengo, L50|100\/100\n|-ability|p2b: Chi-Yu|Beads of Ruin\n|turn|6\n|\n|t:|1683061499\n|switch|p1b: Tyranitar|Tyranitar, L50, F|100\/100\n|-weather|Sandstorm|[from] ability: Sand Stream|[of] p1b: Tyranitar\n|-terastallize|p2b: Chi-Yu|Fire\n|move|p2b: Chi-Yu|Heat Wave|p1b: Tyranitar|[spread] p1a\n|-miss|p2b: Chi-Yu|p1b: Tyranitar\n|-resisted|p1a: Arcanine\n|-damage|p1a: Arcanine|0 fnt\n|faint|p1a: Arcanine\n|move|p2a: Gholdengo|Power Gem|p1b: Tyranitar\n|-damage|p1b: Tyranitar|84\/100\n|\n|-weather|Sandstorm|[upkeep]\n|-damage|p2b: Chi-Yu|94\/100|[from] Sandstorm\n|upkeep\n|\n|t:|1683061520\n|switch|p1a: Corviknight|Corviknight, L50, F|52\/100\n|turn|7\n|inactive|Battle timer is ON: inactive players will automatically lose when time's up. (requested by haha you rage quit)\n|\n|t:|1683061550\n|switch|p1a: Amoonguss|Amoonguss, L50, M|94\/100\n|move|p2b: Chi-Yu|Heat Wave|p1b: Tyranitar|[spread] p1a,p1b\n|-supereffective|p1a: Amoonguss\n|-resisted|p1b: Tyranitar\n|-crit|p1b: Tyranitar\n|-damage|p1a: Amoonguss|0 fnt\n|-damage|p1b: Tyranitar|49\/100\n|faint|p1a: Amoonguss\n|move|p2a: Gholdengo|Make It Rain|p1b: Tyranitar\n|-supereffective|p1b: Tyranitar\n|-damage|p1b: Tyranitar|0 fnt\n|-unboost|p2a: Gholdengo|spa|1\n|faint|p1b: Tyranitar\n|\n|-weather|Sandstorm|[upkeep]\n|-damage|p2b: Chi-Yu|88\/100|[from] Sandstorm\n|upkeep\n|\n|t:|1683061569\n|switch|p1b: Corviknight|Corviknight, L50, F|52\/100\n|turn|8\n|\n|t:|1683061573\n|move|p2b: Chi-Yu|Heat Wave|p1b: Corviknight\n|-supereffective|p1b: Corviknight\n|-damage|p1b: Corviknight|0 fnt\n|faint|p1b: Corviknight\n|\n|win|haha you rage quit\n|raw|Jonesm4's rating: 1219 → 1191<\/strong> (-28 for losing)\n|raw|haha you rage quit's rating: 1184 → 1212<\/strong> (+28 for winning)\n","uploadtime":1683061585,"views":6,"p1id":"jonesm4","p2id":"hahayouragequit","formatid":"gen9vgc2023regulationc","rating":1191,"private":0,"password":""}