{"id":"gen9vgc2023regulationc-1863577511","p1":"Ace98121212","p2":"WoahThereAdo","format":"[Gen 9] VGC 2023 Regulation C","log":"|j|\u2606Ace98121212\n|j|\u2606WoahThereAdo\n|t:|1684037077\n|gametype|doubles\n|player|p1|Ace98121212|170|\n|player|p2|WoahThereAdo|dawn-gen4pt|\n|teamsize|p1|6\n|teamsize|p2|6\n|gen|9\n|tier|[Gen 9] VGC 2023 Regulation C\n|rule|Tera Type Preview: Tera Types are shown at Team Preview\n|rule|Species Clause: Limit one of each Pok\u00e9mon\n|rule|Item Clause: Limit one of each item\n|clearpoke\n|poke|p1|Torkoal, L50, F|\n|poke|p1|Oranguru, L50, M|\n|poke|p1|Amoonguss, L50, F|\n|poke|p1|Gastrodon, L50, F|\n|poke|p1|Skeledirge, L50, M|\n|poke|p1|Rabsca, L50, F|\n|poke|p2|Chi-Yu, L50|\n|poke|p2|Grimmsnarl, L50, M|\n|poke|p2|Glimmora, L50, F|\n|poke|p2|Corviknight, L50, M|\n|poke|p2|Quaquaval, L50, F|\n|poke|p2|Jumpluff, L50, F|\n|teampreview|4\n|raw|Ace98121212's Tera Types: \/ \/ \/ \/ \/ \n|raw|WoahThereAdo's Tera Types: \/ \/ \/ \/ \/ \nAce98121212 rejected open team sheets.\n|c|\u2606Ace98121212|G2\n|c|\u2606Ace98121212|Game 2\n|j| Feyette\n|\n|t:|1684037672\n|start\n|switch|p1a: Torkoal|Torkoal, L50, F|100\/100\n|switch|p1b: Oranguru|Oranguru, L50, M|100\/100\n|switch|p2a: Corviknight|Corviknight, L50, M|100\/100\n|switch|p2b: Jumpluff|Jumpluff, L50, F|100\/100\n|-weather|SunnyDay|[from] ability: Drought|[of] p1a: Torkoal\n|turn|1\n|\n|t:|1684037699\n|switch|p1a: Gastrodon|Gastrodon, L50, F|100\/100\n|-terastallize|p2a: Corviknight|Fire\n|move|p2b: Jumpluff|Rain Dance|p2b: Jumpluff\n|-weather|RainDance\n|move|p2a: Corviknight|Taunt|p1b: Oranguru\n|-start|p1b: Oranguru|move: Taunt\n|cant|p1b: Oranguru|move: Taunt|Trick Room\n|\n|-weather|RainDance|[upkeep]\n|upkeep\n|turn|2\n|j| Wow02\n|\n|t:|1684037741\n|switch|p1b: Rabsca|Rabsca, L50, F|100\/100\n|move|p2a: Corviknight|Protect|p2a: Corviknight\n|-singleturn|p2a: Corviknight|Protect\n|move|p2b: Jumpluff|Leaf Storm|p1a: Gastrodon\n|-supereffective|p1a: Gastrodon\n|-damage|p1a: Gastrodon|7\/100\n|-unboost|p2b: Jumpluff|spa|2\n|-enditem|p2b: Jumpluff|Eject Pack\n|\n|t:|1684037751\n|switch|p2b: Glimmora|Glimmora, L50, F|100\/100\n|move|p1a: Gastrodon|Earth Power|p2a: Corviknight\n|-activate|p2a: Corviknight|move: Protect\n|\n|-weather|RainDance|[upkeep]\n|upkeep\n|turn|3\n|\n|t:|1684037777\n|move|p2b: Glimmora|Power Gem|p1b: Rabsca\n|-supereffective|p1b: Rabsca\n|-damage|p1b: Rabsca|21\/100\n|-enditem|p1b: Rabsca|Sitrus Berry|[eat]\n|-heal|p1b: Rabsca|46\/100|[from] item: Sitrus Berry\n|move|p2a: Corviknight|Body Press|p1a: Gastrodon\n|-damage|p1a: Gastrodon|0 fnt\n|faint|p1a: Gastrodon\n|move|p1b: Rabsca|Psychic|p2b: Glimmora\n|-supereffective|p2b: Glimmora\n|-enditem|p2b: Glimmora|Focus Sash\n|-damage|p2b: Glimmora|1\/100\n|\n|-weather|RainDance|[upkeep]\n|upkeep\n|\n|t:|1684037793\n|switch|p1a: Torkoal|Torkoal, L50, F|100\/100\n|-weather|SunnyDay|[from] ability: Drought|[of] p1a: Torkoal\n|turn|4\n|\n|t:|1684037810\n|move|p1a: Torkoal|Protect|p1a: Torkoal\n|-singleturn|p1a: Torkoal|Protect\n|move|p2b: Glimmora|Power Gem|p1b: Rabsca\n|-supereffective|p1b: Rabsca\n|-damage|p1b: Rabsca|0 fnt\n|faint|p1b: Rabsca\n|move|p2a: Corviknight|Taunt|p1a: Torkoal\n|-activate|p1a: Torkoal|move: Protect\n|\n|-weather|SunnyDay|[upkeep]\n|upkeep\n|\n|t:|1684037823\n|switch|p1b: Oranguru|Oranguru, L50, M|100\/100\n|turn|5\n|\n|t:|1684037840\n|move|p2b: Glimmora|Power Gem|p1a: Torkoal\n|-supereffective|p1a: Torkoal\n|-damage|p1a: Torkoal|0 fnt\n|faint|p1a: Torkoal\n|move|p2a: Corviknight|Taunt|p1b: Oranguru\n|-start|p1b: Oranguru|move: Taunt\n|move|p1b: Oranguru|Thunderbolt|p2b: Glimmora\n|-damage|p2b: Glimmora|0 fnt\n|faint|p2b: Glimmora\n|\n|-weather|SunnyDay|[upkeep]\n|upkeep\n|\n|t:|1684037849\n|switch|p2b: Chi-Yu|Chi-Yu, L50|100\/100\n|-ability|p2b: Chi-Yu|Beads of Ruin\n|turn|6\n|-message|Ace98121212 forfeited.\n|\n|win|WoahThereAdo\n|l|\u2606Ace98121212\n|c|\u2606WoahThereAdo|gg\n|l| Wow02\n|l|\u2606WoahThereAdo\n","uploadtime":1684037864,"views":12,"p1id":"ace98121212","p2id":"woahthereado","formatid":"gen9vgc2023regulationc","rating":0,"private":0,"password":""}