{"id":"gen9vgc2023regulationc-1856663795","p1":"Null66","p2":"2245663y","format":"[Gen 9] VGC 2023 Regulation C","log":"|j|\u2606Null66\n|j|\u26062245663y\n|t:|1683090365\n|gametype|doubles\n|player|p1|Null66|winona|1143\n|player|p2|2245663y|dawn-gen4pt|1070\n|teamsize|p1|6\n|teamsize|p2|6\n|gen|9\n|tier|[Gen 9] VGC 2023 Regulation C\n|rated|\n|rule|Species Clause: Limit one of each Pok\u00e9mon\n|rule|Item Clause: Limit one of each item\n|clearpoke\n|poke|p1|Garchomp, L50, M|\n|poke|p1|Tyranitar, L50, M|\n|poke|p1|Gholdengo, L50|\n|poke|p1|Dragonite, L50, M|\n|poke|p1|Lycanroc, L50, F|\n|poke|p1|Rotom-Wash, L50|\n|poke|p2|Wo-Chien, L50|\n|poke|p2|Glimmora, L50, M|\n|poke|p2|Ting-Lu, L50|\n|poke|p2|Arcanine, L50, F|\n|poke|p2|Grimmsnarl, L50, M|\n|poke|p2|Garganacl, L50, F|\n|teampreview|4\n|inactive|Battle timer is ON: inactive players will automatically lose when time's up. (requested by Null66)\n|inactive|Null66 has 60 seconds left.\n|\n|t:|1683090407\n|start\n|switch|p1a: Dragonite|Dragonite, L50, M|100\/100\n|switch|p1b: Tyranitar|Tyranitar, L50, M|100\/100\n|switch|p2a: Wo-Chien|Wo-Chien, L50|100\/100\n|switch|p2b: Grimmsnarl|Grimmsnarl, L50, M|100\/100\n|-ability|p2a: Wo-Chien|Tablets of Ruin\n|-weather|Sandstorm|[from] ability: Sand Stream|[of] p1b: Tyranitar\n|turn|1\n|inactive|Null66 has 30 seconds left.\n|inactive|2245663y has 30 seconds left.\n|\n|t:|1683090437\n|switch|p1a: Gholdengo|Gholdengo, L50|100\/100\n|move|p2b: Grimmsnarl|Reflect|p2b: Grimmsnarl\n|-sidestart|p2: 2245663y|Reflect\n|move|p2a: Wo-Chien|Leech Seed|p1b: Tyranitar\n|-start|p1b: Tyranitar|move: Leech Seed\n|move|p1b: Tyranitar|Low Kick|p2b: Grimmsnarl\n|-damage|p2b: Grimmsnarl|82\/100\n|\n|-weather|Sandstorm|[upkeep]\n|-damage|p2a: Wo-Chien|94\/100|[from] Sandstorm\n|-damage|p2b: Grimmsnarl|76\/100|[from] Sandstorm\n|-heal|p2a: Wo-Chien|100\/100|[from] item: Leftovers\n|-damage|p1b: Tyranitar|88\/100|[from] Leech Seed|[of] p2a: Wo-Chien\n|upkeep\n|turn|2\n|inactive|Null66 has 30 seconds left.\n|inactive|2245663y has 30 seconds left.\n|\n|t:|1683090464\n|switch|p1b: Dragonite|Dragonite, L50, M|100\/100\n|move|p1a: Gholdengo|Trick|p2a: Wo-Chien\n|-activate|p1a: Gholdengo|move: Trick|[of] p2a: Wo-Chien\n|-item|p2a: Wo-Chien|Choice Specs|[from] move: Trick\n|-item|p1a: Gholdengo|Leftovers|[from] move: Trick\n|move|p2a: Wo-Chien|Foul Play|p1a: Gholdengo\n|-supereffective|p1a: Gholdengo\n|-damage|p1a: Gholdengo|70\/100\n|move|p2b: Grimmsnarl|Spirit Break|p1a: Gholdengo\n|-resisted|p1a: Gholdengo\n|-damage|p1a: Gholdengo|60\/100\n|-unboost|p1a: Gholdengo|spa|1\n|\n|-weather|Sandstorm|[upkeep]\n|-damage|p2a: Wo-Chien|94\/100|[from] Sandstorm\n|-damage|p2b: Grimmsnarl|70\/100|[from] Sandstorm\n|-heal|p1a: Gholdengo|66\/100|[from] item: Leftovers\n|upkeep\n|turn|3\n|\n|t:|1683090486\n|switch|p1a: Lycanroc|Lycanroc, L50, F|100\/100\n|move|p2b: Grimmsnarl|Parting Shot|p1b: Dragonite\n|-unboost|p1b: Dragonite|atk|1\n|-unboost|p1b: Dragonite|spa|1\n|\n|t:|1683090493\n|switch|p2b: Arcanine|Arcanine, L50, F|100\/100|[from] Parting Shot\n|-ability|p2b: Arcanine|Intimidate|boost\n|-unboost|p1a: Lycanroc|atk|1\n|-unboost|p1b: Dragonite|atk|1\n|move|p1b: Dragonite|Tailwind|p1b: Dragonite\n|-sidestart|p1: Null66|move: Tailwind\n|move|p2a: Wo-Chien|Foul Play|p1b: Dragonite\n|-damage|p1b: Dragonite|91\/100\n|\n|-weather|Sandstorm|[upkeep]\n|-damage|p2b: Arcanine|94\/100|[from] Sandstorm\n|-damage|p2a: Wo-Chien|88\/100|[from] Sandstorm\n|upkeep\n|turn|4\n|inactive|Null66 has 30 seconds left.\n|inactive|2245663y has 30 seconds left.\n|\n|t:|1683090526\n|switch|p1b: Gholdengo|Gholdengo, L50|66\/100\n|switch|p2a: Ting-Lu|Ting-Lu, L50|100\/100\n|-ability|p2a: Ting-Lu|Vessel of Ruin\n|move|p1a: Lycanroc|Taunt|p2b: Arcanine\n|-start|p2b: Arcanine|move: Taunt\n|cant|p2b: Arcanine|move: Taunt|Will-O-Wisp\n|\n|-weather|Sandstorm|[upkeep]\n|-damage|p2b: Arcanine|88\/100|[from] Sandstorm\n|-heal|p1b: Gholdengo|73\/100|[from] item: Leftovers\n|upkeep\n|turn|5\n|inactive|Null66 has 30 seconds left.\n|inactive|Null66 has 20 seconds left.\n|inactive|Null66 has 15 seconds left.\n|\n|t:|1683090569\n|switch|p1a: Dragonite|Dragonite, L50, M|91\/100\n|switch|p1b: Tyranitar|Tyranitar, L50, M|88\/100\n|move|p2b: Arcanine|Fire Spin|p1b: Tyranitar\n|-resisted|p1b: Tyranitar\n|-damage|p1b: Tyranitar|86\/100\n|-activate|p1b: Tyranitar|move: Fire Spin|[of] p2b: Arcanine\n|move|p2a: Ting-Lu|Sand Tomb|p1a: Dragonite\n|-immune|p1a: Dragonite\n|\n|-weather|none\n|-damage|p1b: Tyranitar|74\/100|[from] move: Fire Spin|[partiallytrapped]\n|upkeep\n|turn|6\n|inactive|Null66 has 30 seconds left.\n|inactive|Null66 has 20 seconds left.\n|\n|t:|1683090605\n|switch|p2b: Wo-Chien|Wo-Chien, L50|88\/100\n|-ability|p2b: Wo-Chien|Tablets of Ruin\n|-terastallize|p1b: Tyranitar|Flying\n|move|p1a: Dragonite|Encore|p2a: Ting-Lu\n|-start|p2a: Ting-Lu|Encore\n|move|p1b: Tyranitar|Rock Slide|p2a: Ting-Lu|[spread] p2a,p2b\n|-resisted|p2a: Ting-Lu\n|-damage|p2a: Ting-Lu|96\/100\n|-damage|p2b: Wo-Chien|77\/100\n|move|p2a: Ting-Lu|Sand Tomb|p1b: Tyranitar\n|-immune|p1b: Tyranitar\n|\n|-end|p1b: Tyranitar|Fire Spin|[partiallytrapped]|[silent]\n|-sideend|p1: Null66|move: Tailwind\n|upkeep\n|turn|7\n|\n|t:|1683090627\n|switch|p1b: Lycanroc|Lycanroc, L50, F|100\/100\n|switch|p2a: Grimmsnarl|Grimmsnarl, L50, M|70\/100\n|move|p1a: Dragonite|Tailwind|p1a: Dragonite\n|-sidestart|p1: Null66|move: Tailwind\n|move|p2b: Wo-Chien|Leech Seed|p1a: Dragonite\n|-start|p1a: Dragonite|move: Leech Seed\n|\n|-damage|p1a: Dragonite|79\/100|[from] Leech Seed|[of] p2b: Wo-Chien\n|-heal|p2b: Wo-Chien|89\/100|[silent]\n|upkeep\n|turn|8\n|inactive|Null66 has 30 seconds left.\n|\n|t:|1683090659\n|switch|p1a: Tyranitar|Tyranitar, L50, M, tera:Flying|74\/100\n|-weather|Sandstorm|[from] ability: Sand Stream|[of] p1a: Tyranitar\n|move|p2a: Grimmsnarl|Light Screen|p2a: Grimmsnarl\n|-sidestart|p2: 2245663y|move: Light Screen\n|move|p1b: Lycanroc|Howl|p1b: Lycanroc|[spread] p1a,p1b\n|-boost|p1a: Tyranitar|atk|1\n|-boost|p1b: Lycanroc|atk|1\n|move|p2b: Wo-Chien|Leech Seed|p1b: Lycanroc\n|-start|p1b: Lycanroc|move: Leech Seed\n|\n|-weather|Sandstorm|[upkeep]\n|-damage|p1a: Tyranitar|68\/100|[from] Sandstorm\n|-damage|p2b: Wo-Chien|83\/100|[from] Sandstorm\n|-damage|p2a: Grimmsnarl|64\/100|[from] Sandstorm\n|-damage|p1b: Lycanroc|88\/100|[from] Leech Seed|[of] p2b: Wo-Chien\n|-heal|p2b: Wo-Chien|94\/100|[silent]\n|-sideend|p2: 2245663y|Reflect\n|upkeep\n|turn|9\n|inactive|Null66 has 30 seconds left.\n|inactive|2245663y has 30 seconds left.\n|\n|t:|1683090690\n|move|p2a: Grimmsnarl|Parting Shot|p1a: Tyranitar\n|-unboost|p1a: Tyranitar|atk|1\n|-unboost|p1a: Tyranitar|spa|1\n|\n|t:|1683090693\n|switch|p2a: Arcanine|Arcanine, L50, F|88\/100|[from] Parting Shot\n|-ability|p2a: Arcanine|Intimidate|boost\n|-unboost|p1a: Tyranitar|atk|1\n|-unboost|p1b: Lycanroc|atk|1\n|move|p1b: Lycanroc|Iron Head|p2a: Arcanine\n|-resisted|p2a: Arcanine\n|-damage|p2a: Arcanine|80\/100\n|move|p1a: Tyranitar|Rock Slide|p2a: Arcanine|[spread] p2b\n|-miss|p1a: Tyranitar|p2a: Arcanine\n|-damage|p2b: Wo-Chien|84\/100\n|move|p2b: Wo-Chien|Leech Seed|p1a: Tyranitar\n|-start|p1a: Tyranitar|move: Leech Seed\n|\n|-weather|Sandstorm|[upkeep]\n|-damage|p1a: Tyranitar|62\/100|[from] Sandstorm\n|-damage|p2a: Arcanine|74\/100|[from] Sandstorm\n|-damage|p2b: Wo-Chien|78\/100|[from] Sandstorm\n|-damage|p1b: Lycanroc|76\/100|[from] Leech Seed|[of] p2b: Wo-Chien\n|-heal|p2b: Wo-Chien|90\/100|[silent]\n|-damage|p1a: Tyranitar|50\/100|[from] Leech Seed|[of] p2b: Wo-Chien\n|-heal|p2b: Wo-Chien|100\/100|[silent]\n|upkeep\n|turn|10\n|inactive|Null66 has 30 seconds left.\n|\n|t:|1683090720\n|switch|p1a: Dragonite|Dragonite, L50, M|79\/100\n|switch|p2b: Grimmsnarl|Grimmsnarl, L50, M|64\/100\n|move|p2a: Arcanine|Protect|p2a: Arcanine\n|-singleturn|p2a: Arcanine|Protect\n|move|p1b: Lycanroc|Taunt|p2a: Arcanine\n|-activate|p2a: Arcanine|move: Protect\n|\n|-weather|Sandstorm|[upkeep]\n|-damage|p2a: Arcanine|68\/100|[from] Sandstorm\n|-damage|p2b: Grimmsnarl|58\/100|[from] Sandstorm\n|-damage|p1b: Lycanroc|64\/100|[from] Leech Seed|[of] p2b: Grimmsnarl\n|-heal|p2b: Grimmsnarl|69\/100|[silent]\n|-sideend|p1: Null66|move: Tailwind\n|upkeep\n|turn|11\n|\n|t:|1683090736\n|switch|p2a: Wo-Chien|Wo-Chien, L50|100\/100\n|-ability|p2a: Wo-Chien|Tablets of Ruin\n|move|p2b: Grimmsnarl|Parting Shot|p1a: Dragonite\n|-unboost|p1a: Dragonite|atk|1\n|-unboost|p1a: Dragonite|spa|1\n|\n|t:|1683090743\n|switch|p2b: Arcanine|Arcanine, L50, F|68\/100|[from] Parting Shot\n|-ability|p2b: Arcanine|Intimidate|boost\n|-unboost|p1a: Dragonite|atk|1\n|-unboost|p1b: Lycanroc|atk|1\n|move|p1b: Lycanroc|Taunt|p2b: Arcanine\n|-start|p2b: Arcanine|move: Taunt\n|move|p1a: Dragonite|Tailwind|p1a: Dragonite\n|-sidestart|p1: Null66|move: Tailwind\n|\n|-weather|Sandstorm|[upkeep]\n|-damage|p2b: Arcanine|61\/100|[from] Sandstorm\n|-damage|p2a: Wo-Chien|94\/100|[from] Sandstorm\n|-damage|p1b: Lycanroc|52\/100|[from] Leech Seed|[of] p2b: Arcanine\n|-heal|p2b: Arcanine|73\/100|[silent]\n|upkeep\n|turn|12\n|\n|t:|1683090763\n|move|p1b: Lycanroc|Howl|p1b: Lycanroc|[spread] p1a,p1b\n|-boost|p1a: Dragonite|atk|1\n|-boost|p1b: Lycanroc|atk|1\n|move|p1a: Dragonite|Encore||[still]\n|-fail|p1a: Dragonite\n|move|p2b: Arcanine|Fire Spin|p1a: Dragonite\n|-resisted|p1a: Dragonite\n|-damage|p1a: Dragonite|74\/100\n|-activate|p1a: Dragonite|move: Fire Spin|[of] p2b: Arcanine\n|move|p2a: Wo-Chien|Pollen Puff|p1b: Lycanroc\n|-damage|p1b: Lycanroc|25\/100\n|\n|-weather|none\n|-damage|p1b: Lycanroc|13\/100|[from] Leech Seed|[of] p2b: Arcanine\n|-heal|p2b: Arcanine|84\/100|[silent]\n|-damage|p1a: Dragonite|62\/100|[from] move: Fire Spin|[partiallytrapped]\n|upkeep\n|turn|13\n|inactive|Null66 has 30 seconds left.\n|inactive|2245663y has 30 seconds left.\n|\n|t:|1683090796\n|switch|p2a: Grimmsnarl|Grimmsnarl, L50, M|69\/100\n|move|p1b: Lycanroc|Howl|p1b: Lycanroc|[spread] p1a,p1b\n|-boost|p1a: Dragonite|atk|1\n|-boost|p1b: Lycanroc|atk|1\n|move|p1a: Dragonite|Encore||[still]\n|-fail|p1a: Dragonite\n|move|p2b: Arcanine|Fire Spin|p1b: Lycanroc\n|-resisted|p1b: Lycanroc\n|-damage|p1b: Lycanroc|5\/100\n|-activate|p1b: Lycanroc|move: Fire Spin|[of] p2b: Arcanine\n|\n|-damage|p1b: Lycanroc|0 fnt|[from] Leech Seed|[of] p2b: Arcanine\n|-heal|p2b: Arcanine|88\/100|[silent]\n|faint|p1b: Lycanroc\n|-damage|p1a: Dragonite|49\/100|[from] move: Fire Spin|[partiallytrapped]\n|-end|p2b: Arcanine|move: Taunt\n|upkeep\n|\n|t:|1683090810\n|switch|p1b: Gholdengo|Gholdengo, L50|73\/100\n|turn|14\n|\n|t:|1683090821\n|move|p2a: Grimmsnarl|Parting Shot|p1a: Dragonite\n|-unboost|p1a: Dragonite|atk|1\n|-unboost|p1a: Dragonite|spa|1\n|\n|t:|1683090825\n|switch|p2a: Ting-Lu|Ting-Lu, L50|96\/100|[from] Parting Shot\n|-ability|p2a: Ting-Lu|Vessel of Ruin\n|move|p1b: Gholdengo|Make It Rain|p2b: Arcanine|[spread] p2a,p2b\n|-resisted|p2b: Arcanine\n|-damage|p2a: Ting-Lu|85\/100\n|-damage|p2b: Arcanine|79\/100\n|-unboost|p1b: Gholdengo|spa|1\n|move|p1a: Dragonite|Roost|p1a: Dragonite\n|-heal|p1a: Dragonite|99\/100\n|-singleturn|p1a: Dragonite|move: Roost\n|move|p2b: Arcanine|Fire Spin|p1b: Gholdengo\n|-supereffective|p1b: Gholdengo\n|-damage|p1b: Gholdengo|54\/100\n|-activate|p1b: Gholdengo|move: Fire Spin|[of] p2b: Arcanine\n|\n|-heal|p1b: Gholdengo|60\/100|[from] item: Leftovers\n|-damage|p1b: Gholdengo|48\/100|[from] move: Fire Spin|[partiallytrapped]\n|-damage|p1a: Dragonite|87\/100|[from] move: Fire Spin|[partiallytrapped]\n|-sideend|p1: Null66|move: Tailwind\n|upkeep\n|turn|15\n|inactive|Null66 has 30 seconds left.\n|inactive|2245663y has 30 seconds left.\n|\n|t:|1683090852\n|move|p1b: Gholdengo|Psychic|p2a: Ting-Lu\n|-immune|p2a: Ting-Lu\n|move|p2b: Arcanine|Will-O-Wisp|p1a: Dragonite\n|-status|p1a: Dragonite|brn\n|move|p1a: Dragonite|Tailwind|p1a: Dragonite\n|-sidestart|p1: Null66|move: Tailwind\n|move|p2a: Ting-Lu|Ruination|p1a: Dragonite\n|-damage|p1a: Dragonite|44\/100 brn\n|\n|-heal|p1b: Gholdengo|54\/100|[from] item: Leftovers\n|-damage|p1a: Dragonite|38\/100 brn|[from] brn\n|-damage|p1b: Gholdengo|42\/100|[from] move: Fire Spin|[partiallytrapped]\n|-damage|p1a: Dragonite|25\/100 brn|[from] move: Fire Spin|[partiallytrapped]\n|-sideend|p2: 2245663y|move: Light Screen\n|upkeep\n|turn|16\n|inactive|Null66 has 30 seconds left.\n|\n|t:|1683090872\n|switch|p1b: Tyranitar|Tyranitar, L50, M, tera:Flying|50\/100\n|-weather|Sandstorm|[from] ability: Sand Stream|[of] p1b: Tyranitar\n|switch|p2a: Wo-Chien|Wo-Chien, L50|94\/100\n|-ability|p2a: Wo-Chien|Tablets of Ruin\n|move|p1a: Dragonite|Roost|p1a: Dragonite\n|-heal|p1a: Dragonite|75\/100 brn\n|-singleturn|p1a: Dragonite|move: Roost\n|move|p2b: Arcanine|Morning Sun|p2b: Arcanine\n|-heal|p2b: Arcanine|100\/100\n|\n|-weather|Sandstorm|[upkeep]\n|-damage|p1b: Tyranitar|44\/100|[from] Sandstorm\n|-damage|p2b: Arcanine|94\/100|[from] Sandstorm\n|-damage|p2a: Wo-Chien|88\/100|[from] Sandstorm\n|-damage|p1a: Dragonite|69\/100 brn|[from] brn\n|-damage|p1a: Dragonite|57\/100 brn|[from] move: Fire Spin|[partiallytrapped]\n|upkeep\n|turn|17\n|inactive|Null66 has 30 seconds left this turn.\n|c|\u2606Null66|gg dude\n|c|\u2606Null66|cool game\n|inactive|Null66 has 20 seconds left.\n|inactive|Null66 has 15 seconds left.\n|inactive|Null66 has 10 seconds left.\n|inactive|Null66 has 5 seconds left.\n|inactive|2245663y has 30 seconds left.\n|\n|t:|1683090907\n|-terastallize|p2b: Arcanine|Grass\n|move|p2a: Wo-Chien|Protect|p2a: Wo-Chien\n|-singleturn|p2a: Wo-Chien|Protect\n|move|p1a: Dragonite|Roost|p1a: Dragonite\n|-heal|p1a: Dragonite|100\/100 brn\n|-singleturn|p1a: Dragonite|move: Roost\n|move|p1b: Tyranitar|Stomping Tantrum|p2b: Arcanine\n|-resisted|p2b: Arcanine\n|-damage|p2b: Arcanine|83\/100\n|move|p2b: Arcanine|Will-O-Wisp|p1b: Tyranitar\n|-status|p1b: Tyranitar|brn\n|\n|-weather|Sandstorm|[upkeep]\n|-damage|p1b: Tyranitar|38\/100 brn|[from] Sandstorm\n|-damage|p2b: Arcanine|77\/100|[from] Sandstorm\n|-damage|p2a: Wo-Chien|82\/100|[from] Sandstorm\n|-damage|p1a: Dragonite|94\/100 brn|[from] brn\n|-damage|p1b: Tyranitar|32\/100 brn|[from] brn\n|-end|p1a: Dragonite|Fire Spin|[partiallytrapped]\n|upkeep\n|turn|18\n|inactive|Null66 has 5 seconds left this turn.\n|-message|Null66 lost due to inactivity.\n|\n|win|2245663y\n|raw|Null66's rating: 1143 → 1113<\/strong> (-30 for losing)\n|raw|2245663y's rating: 1070 → 1106<\/strong> (+36 for winning)\n","uploadtime":1683090932,"views":5,"p1id":"null66","p2id":"2245663y","formatid":"gen9vgc2023regulationc","rating":1106,"private":0,"password":""}