{"id":"gen9vgc2023regulationc-1859124287","p1":"Qx56lx","p2":"Osrael j","format":"[Gen 9] VGC 2023 Regulation C","log":"|j|\u2606Qx56lx\n|j|\u2606Osrael j\n|t:|1683407348\n|gametype|doubles\n|player|p1|Qx56lx|102|1120\n|player|p2|Osrael j|red|1122\n|teamsize|p1|6\n|teamsize|p2|6\n|gen|9\n|tier|[Gen 9] VGC 2023 Regulation C\n|rated|\n|rule|Species Clause: Limit one of each Pok\u00e9mon\n|rule|Item Clause: Limit one of each item\n|clearpoke\n|poke|p1|Abomasnow, L50, M|\n|poke|p1|Indeedee-F, L50, F|\n|poke|p1|Armarouge, L50, M|\n|poke|p1|Chien-Pao, L50|\n|poke|p1|Amoonguss, L50, F|\n|poke|p1|Iron Bundle, L50|\n|poke|p2|Dondozo, L50, F|\n|poke|p2|Tatsugiri, L50, M|\n|poke|p2|Glimmora, L50, M|\n|poke|p2|Iron Bundle, L50|\n|poke|p2|Dragonite, L50, M|\n|poke|p2|Chi-Yu, L50|\n|teampreview|4\n|inactive|Battle timer is ON: inactive players will automatically lose when time's up. (requested by Qx56lx)\n|\n|t:|1683407379\n|start\n|switch|p1a: Iron Bundle|Iron Bundle, L50|100\/100\n|switch|p1b: Abomasnow|Abomasnow, L50, M|100\/100\n|switch|p2a: Dondozo|Dondozo, L50, F|100\/100\n|switch|p2b: Tatsugiri|Tatsugiri, L50, M|100\/100\n|-activate|p2b: Tatsugiri|ability: Commander|[of] p2a: Dondozo\n|-boost|p2a: Dondozo|atk|2\n|-boost|p2a: Dondozo|spa|2\n|-boost|p2a: Dondozo|spe|2\n|-boost|p2a: Dondozo|def|2\n|-boost|p2a: Dondozo|spd|2\n|-weather|Snow|[from] ability: Snow Warning|[of] p1b: Abomasnow\n|-enditem|p1a: Iron Bundle|Booster Energy\n|-activate|p1a: Iron Bundle|ability: Quark Drive|[fromitem]\n|-start|p1a: Iron Bundle|quarkdrivespe\n|turn|1\n|inactive|Qx56lx has 30 seconds left.\n|\n|t:|1683407405\n|-terastallize|p2a: Dondozo|Grass\n|move|p1a: Iron Bundle|Aurora Veil|p1a: Iron Bundle\n|-sidestart|p1: Qx56lx|move: Aurora Veil\n|move|p2a: Dondozo|Earthquake|p1a: Iron Bundle|[spread] p1a,p1b\n|-miss|p2a: Dondozo|p2b: Tatsugiri\n|-resisted|p1b: Abomasnow\n|-damage|p1a: Iron Bundle|76\/100\n|-damage|p1b: Abomasnow|89\/100\n|move|p1b: Abomasnow|Blizzard|p2a: Dondozo|[spread] p2a\n|-miss|p1b: Abomasnow|p2b: Tatsugiri\n|-supereffective|p2a: Dondozo\n|-damage|p2a: Dondozo|65\/100\n|\n|-weather|Snow|[upkeep]\n|-heal|p2a: Dondozo|71\/100|[from] item: Leftovers\n|upkeep\n|turn|2\n|\n|t:|1683407425\n|move|p1a: Iron Bundle|Blizzard|p2b: Tatsugiri|[spread] p2a\n|-miss|p1a: Iron Bundle|p2b: Tatsugiri\n|-supereffective|p2a: Dondozo\n|-damage|p2a: Dondozo|39\/100\n|move|p2a: Dondozo|Wave Crash|p1b: Abomasnow\n|-resisted|p1b: Abomasnow\n|-damage|p1b: Abomasnow|60\/100\n|-damage|p2a: Dondozo|31\/100|[from] Recoil\n|move|p1b: Abomasnow|Blizzard|p2a: Dondozo|[spread] p2a\n|-miss|p1b: Abomasnow|p2b: Tatsugiri\n|-supereffective|p2a: Dondozo\n|-damage|p2a: Dondozo|0 fnt\n|faint|p2a: Dondozo\n|\n|-weather|Snow|[upkeep]\n|upkeep\n|\n|t:|1683407447\n|switch|p2a: Glimmora|Glimmora, L50, M|100\/100\n|turn|3\n|\n|t:|1683407470\n|move|p1a: Iron Bundle|Blizzard|p2b: Tatsugiri|[spread] p2a,p2b\n|-damage|p2a: Glimmora|70\/100\n|-damage|p2b: Tatsugiri|46\/100\n|-status|p2a: Glimmora|frz\n|move|p2b: Tatsugiri|Draco Meteor|p1b: Abomasnow\n|-damage|p1b: Abomasnow|15\/100\n|-unboost|p2b: Tatsugiri|spa|2\n|-enditem|p1b: Abomasnow|Sitrus Berry|[eat]\n|-heal|p1b: Abomasnow|40\/100|[from] item: Sitrus Berry\n|-curestatus|p2a: Glimmora|frz|[msg]\n|move|p2a: Glimmora|Power Gem|p1b: Abomasnow\n|-supereffective|p1b: Abomasnow\n|-damage|p1b: Abomasnow|0 fnt\n|faint|p1b: Abomasnow\n|\n|-weather|Snow|[upkeep]\n|upkeep\n|\n|t:|1683407486\n|switch|p1b: Amoonguss|Amoonguss, L50, F|100\/100\n|turn|4\n|\n|t:|1683407501\n|move|p1a: Iron Bundle|Blizzard|p2b: Tatsugiri|[spread] p2a,p2b\n|-damage|p2a: Glimmora|40\/100\n|-damage|p2b: Tatsugiri|0 fnt\n|faint|p2b: Tatsugiri\n|move|p2a: Glimmora|Mortal Spin|p1a: Iron Bundle|[spread] p1a,p1b\n|-damage|p1a: Iron Bundle|74\/100\n|-damage|p1b: Amoonguss|97\/100\n|-status|p1a: Iron Bundle|psn\n|move|p1b: Amoonguss|Spore|p2a: Glimmora\n|-status|p2a: Glimmora|slp|[from] move: Spore\n|\n|-weather|Snow|[upkeep]\n|-heal|p1b: Amoonguss|100\/100|[from] item: Black Sludge\n|-damage|p1a: Iron Bundle|62\/100 psn|[from] psn\n|upkeep\n|\n|t:|1683407517\n|switch|p2b: Iron Bundle|Iron Bundle, L50|100\/100\n|-enditem|p2b: Iron Bundle|Booster Energy\n|-activate|p2b: Iron Bundle|ability: Quark Drive|[fromitem]\n|-start|p2b: Iron Bundle|quarkdrivespe\n|turn|5\n|\n|t:|1683407538\n|-terastallize|p1a: Iron Bundle|Ice\n|move|p1b: Amoonguss|Rage Powder|p1b: Amoonguss\n|-singleturn|p1b: Amoonguss|move: Rage Powder\n|move|p2b: Iron Bundle|Icy Wind|p1a: Iron Bundle|[spread] p1a,p1b\n|-resisted|p1a: Iron Bundle\n|-supereffective|p1b: Amoonguss\n|-damage|p1a: Iron Bundle|52\/100 psn\n|-damage|p1b: Amoonguss|84\/100\n|-unboost|p1a: Iron Bundle|spe|1\n|-unboost|p1b: Amoonguss|spe|1\n|move|p1a: Iron Bundle|Freeze-Dry|p2b: Iron Bundle\n|-damage|p2b: Iron Bundle|19\/100\n|cant|p2a: Glimmora|slp\n|\n|-weather|none\n|-heal|p1b: Amoonguss|90\/100|[from] item: Black Sludge\n|-damage|p1a: Iron Bundle|40\/100 psn|[from] psn\n|-sideend|p1: Qx56lx|move: Aurora Veil\n|upkeep\n|turn|6\n|inactive|Qx56lx has 30 seconds left.\n|inactive|Osrael j has 30 seconds left.\n|inactive|Qx56lx has 20 seconds left.\n|inactive|Qx56lx has 15 seconds left.\n|\n|t:|1683407579\n|move|p1a: Iron Bundle|Protect|p1a: Iron Bundle\n|-singleturn|p1a: Iron Bundle|Protect\n|move|p1b: Amoonguss|Rage Powder|p1b: Amoonguss\n|-singleturn|p1b: Amoonguss|move: Rage Powder\n|move|p2b: Iron Bundle|Freeze-Dry|p1b: Amoonguss\n|-supereffective|p1b: Amoonguss\n|-damage|p1b: Amoonguss|43\/100\n|-status|p1b: Amoonguss|frz\n|cant|p2a: Glimmora|slp\n|\n|-heal|p1b: Amoonguss|48\/100 frz|[from] item: Black Sludge\n|-damage|p1a: Iron Bundle|28\/100 psn|[from] psn\n|upkeep\n|turn|7\n|\n|t:|1683407599\n|switch|p1b: Armarouge|Armarouge, L50, M|100\/100\n|move|p2b: Iron Bundle|Freeze-Dry|p1b: Armarouge\n|-resisted|p1b: Armarouge\n|-damage|p1b: Armarouge|82\/100\n|-status|p1b: Armarouge|frz\n|move|p1a: Iron Bundle|Freeze-Dry|p2b: Iron Bundle\n|-damage|p2b: Iron Bundle|0 fnt\n|faint|p2b: Iron Bundle\n|-end|p2b: Iron Bundle|Quark Drive|[silent]\n|-curestatus|p2a: Glimmora|slp|[msg]\n|move|p2a: Glimmora|Power Gem|p1a: Iron Bundle\n|-supereffective|p1a: Iron Bundle\n|-damage|p1a: Iron Bundle|0 fnt\n|faint|p1a: Iron Bundle\n|-end|p1a: Iron Bundle|Quark Drive|[silent]\n|\n|upkeep\n|\n|t:|1683407613\n|switch|p1a: Amoonguss|Amoonguss, L50, F|81\/100 frz\n|turn|8\n|\n|t:|1683407623\n|cant|p1a: Amoonguss|frz\n|move|p2a: Glimmora|Earth Power|p1b: Armarouge\n|-supereffective|p1b: Armarouge\n|-damage|p1b: Armarouge|14\/100 frz\n|cant|p1b: Armarouge|frz\n|\n|-heal|p1a: Amoonguss|87\/100 frz|[from] item: Black Sludge\n|upkeep\n|turn|9\n|\n|t:|1683407640\n|cant|p1a: Amoonguss|frz\n|move|p2a: Glimmora|Earth Power|p1b: Armarouge\n|-supereffective|p1b: Armarouge\n|-damage|p1b: Armarouge|0 fnt\n|faint|p1b: Armarouge\n|\n|-heal|p1a: Amoonguss|93\/100 frz|[from] item: Black Sludge\n|upkeep\n|turn|10\n|\n|t:|1683407654\n|move|p2a: Glimmora|Earth Power|p1a: Amoonguss\n|-crit|p1a: Amoonguss\n|-damage|p1a: Amoonguss|59\/100 frz\n|cant|p1a: Amoonguss|frz\n|\n|-heal|p1a: Amoonguss|65\/100 frz|[from] item: Black Sludge\n|upkeep\n|turn|11\n|\n|t:|1683407663\n|cant|p1a: Amoonguss|frz\n|move|p2a: Glimmora|Earth Power|p1a: Amoonguss\n|-damage|p1a: Amoonguss|43\/100 frz\n|\n|-heal|p1a: Amoonguss|48\/100 frz|[from] item: Black Sludge\n|upkeep\n|turn|12\n|\n|t:|1683407679\n|cant|p1a: Amoonguss|frz\n|move|p2a: Glimmora|Energy Ball|p1a: Amoonguss\n|-resisted|p1a: Amoonguss\n|-damage|p1a: Amoonguss|43\/100 frz\n|-unboost|p1a: Amoonguss|spd|1\n|\n|-heal|p1a: Amoonguss|48\/100 frz|[from] item: Black Sludge\n|upkeep\n|turn|13\n|c|\u2606Qx56lx|lol\n|\n|t:|1683407697\n|move|p2a: Glimmora|Earth Power|p1a: Amoonguss\n|-damage|p1a: Amoonguss|13\/100 frz\n|cant|p1a: Amoonguss|frz\n|\n|-heal|p1a: Amoonguss|19\/100 frz|[from] item: Black Sludge\n|upkeep\n|turn|14\n|-message|Qx56lx forfeited.\n|\n|win|Osrael j\n|raw|Qx56lx's rating: 1120 → 1095<\/strong> (-25 for losing)\n|raw|Osrael j's rating: 1122 → 1147<\/strong> (+25 for winning)\n|l|\u2606Qx56lx\n","uploadtime":1683407731,"views":13,"p1id":"qx56lx","p2id":"osraelj","formatid":"gen9vgc2023regulationc","rating":1095,"private":0,"password":""}