{"id":"gen9vgc2023regulationc-1846667310","p1":"Bob Couch","p2":"Pamendrel","format":"[Gen 9] VGC 2023 Regulation C","log":"|j|\u2606Bob Couch\n|j|\u2606Pamendrel\n|t:|1681863587\n|gametype|doubles\n|player|p1|Bob Couch|byron|1208\n|player|p2|Pamendrel|102|1195\n|teamsize|p1|6\n|teamsize|p2|6\n|gen|9\n|tier|[Gen 9] VGC 2023 Regulation C\n|rated|\n|rule|Species Clause: Limit one of each Pok\u00e9mon\n|rule|Item Clause: Limit one of each item\n|clearpoke\n|poke|p1|Pelipper, L50, M|\n|poke|p1|Iron Bundle, L50|\n|poke|p1|Chi-Yu, L50|\n|poke|p1|Amoonguss, L50, M|\n|poke|p1|Palafin, L50, F|\n|poke|p1|Flutter Mane, L50|\n|poke|p2|Chi-Yu, L50|\n|poke|p2|Dachsbun, L50, F|\n|poke|p2|Dragonite, L50, M|\n|poke|p2|Flutter Mane, L50|\n|poke|p2|Azumarill, L50, F|\n|poke|p2|Chien-Pao, L50|\n|teampreview|4\n|inactive|Battle timer is ON: inactive players will automatically lose when time's up. (requested by Pamendrel)\n|\n|t:|1681863618\n|start\n|switch|p1a: Iron Bundle|Iron Bundle, L50|100\/100\n|switch|p1b: Pelipper|Pelipper, L50, M|100\/100\n|switch|p2a: Chi-Yu|Chi-Yu, L50|100\/100\n|switch|p2b: Dachsbun|Dachsbun, L50, F|100\/100\n|-ability|p2a: Chi-Yu|Beads of Ruin\n|-weather|RainDance|[from] ability: Drizzle|[of] p1b: Pelipper\n|turn|1\n|inactive|Pamendrel has 30 seconds left.\n|\n|t:|1681863646\n|move|p1b: Pelipper|Wide Guard|p1b: Pelipper\n|-singleturn|p1b: Pelipper|Wide Guard\n|move|p2a: Chi-Yu|Lava Plume|p1b: Pelipper|[spread] \n|-activate|p1a: Iron Bundle|move: Wide Guard\n|-activate|p1b: Pelipper|move: Wide Guard\n|-ability|p2b: Dachsbun|Well-Baked Body|boost\n|-boost|p2b: Dachsbun|def|2\n|move|p1a: Iron Bundle|Icy Wind|p2a: Chi-Yu|[spread] p2a,p2b\n|-resisted|p2a: Chi-Yu\n|-damage|p2a: Chi-Yu|89\/100\n|-damage|p2b: Dachsbun|77\/100\n|-unboost|p2a: Chi-Yu|spe|1\n|-unboost|p2b: Dachsbun|spe|1\n|move|p2b: Dachsbun|Yawn|p1a: Iron Bundle\n|-start|p1a: Iron Bundle|move: Yawn|[of] p2b: Dachsbun\n|\n|-weather|RainDance|[upkeep]\n|-heal|p2b: Dachsbun|83\/100|[from] item: Leftovers\n|upkeep\n|turn|2\n|inactive|Bob Couch has 30 seconds left.\n|\n|t:|1681863674\n|-end|p1a: Iron Bundle|Quark Drive|[silent]\n|switch|p1a: Palafin|Palafin, L50, F|100\/100\n|move|p2a: Chi-Yu|Lava Plume|p1a: Palafin|[spread] p1a,p1b\n|-ability|p2b: Dachsbun|Well-Baked Body|boost\n|-boost|p2b: Dachsbun|def|2\n|-resisted|p1a: Palafin\n|-resisted|p1b: Pelipper\n|-damage|p1a: Palafin|88\/100\n|-damage|p1b: Pelipper|81\/100\n|-status|p1a: Palafin|brn\n|-status|p1b: Pelipper|brn\n|move|p1b: Pelipper|Hydro Pump|p2a: Chi-Yu\n|-supereffective|p2a: Chi-Yu\n|-damage|p2a: Chi-Yu|0 fnt\n|faint|p2a: Chi-Yu\n|move|p2b: Dachsbun|Body Press|p1a: Palafin\n|-damage|p1a: Palafin|13\/100 brn\n|\n|-weather|RainDance|[upkeep]\n|-heal|p1a: Palafin|19\/100 brn|[from] item: Leftovers\n|-heal|p2b: Dachsbun|89\/100|[from] item: Leftovers\n|-damage|p1a: Palafin|13\/100 brn|[from] brn\n|-damage|p1b: Pelipper|76\/100 brn|[from] brn\n|upkeep\n|\n|t:|1681863694\n|switch|p2a: Azumarill|Azumarill, L50, F|100\/100\n|turn|3\n|\n|t:|1681863702\n|move|p1a: Palafin|Jet Punch|p2a: Azumarill\n|-resisted|p2a: Azumarill\n|-damage|p2a: Azumarill|91\/100\n|move|p2a: Azumarill|Aqua Jet|p1a: Palafin\n|-resisted|p1a: Palafin\n|-damage|p1a: Palafin|0 fnt\n|faint|p1a: Palafin\n|move|p1b: Pelipper|Tailwind|p1b: Pelipper\n|-sidestart|p1: Bob Couch|move: Tailwind\n|move|p2b: Dachsbun|Yawn||[still]\n|-fail|p2b: Dachsbun\n|\n|-weather|RainDance|[upkeep]\n|-heal|p2b: Dachsbun|95\/100|[from] item: Leftovers\n|-damage|p1b: Pelipper|70\/100 brn|[from] brn\n|upkeep\n|\n|t:|1681863712\n|switch|p1a: Iron Bundle|Iron Bundle, L50|100\/100\n|turn|4\n|inactive|Bob Couch has 30 seconds left.\n|\n|t:|1681863738\n|move|p2a: Azumarill|Protect|p2a: Azumarill\n|-singleturn|p2a: Azumarill|Protect\n|move|p1a: Iron Bundle|Hydro Pump|p2b: Dachsbun\n|-damage|p2b: Dachsbun|15\/100\n|move|p1b: Pelipper|Hydro Pump|p2b: Dachsbun\n|-damage|p2b: Dachsbun|0 fnt\n|faint|p2b: Dachsbun\n|\n|-weather|RainDance|[upkeep]\n|-damage|p1b: Pelipper|64\/100 brn|[from] brn\n|upkeep\n|\n|t:|1681863747\n|switch|p2b: Flutter Mane|Flutter Mane, L50|100\/100\n|-enditem|p2b: Flutter Mane|Booster Energy\n|-activate|p2b: Flutter Mane|ability: Protosynthesis|[fromitem]\n|-start|p2b: Flutter Mane|protosynthesisspe\n|turn|5\n|\n|t:|1681863763\n|-terastallize|p1a: Iron Bundle|Ice\n|move|p1a: Iron Bundle|Freeze-Dry|p2a: Azumarill\n|-supereffective|p2a: Azumarill\n|-damage|p2a: Azumarill|0 fnt\n|faint|p2a: Azumarill\n|move|p2b: Flutter Mane|Dazzling Gleam|p1a: Iron Bundle|[spread] p1a,p1b\n|-damage|p1a: Iron Bundle|32\/100\n|-damage|p1b: Pelipper|7\/100 brn\n|move|p1b: Pelipper|Hurricane|p2b: Flutter Mane\n|-damage|p2b: Flutter Mane|53\/100\n|\n|-weather|none\n|-damage|p1b: Pelipper|1\/100 brn|[from] brn\n|upkeep\n|turn|6\n|-message|Pamendrel forfeited.\n|\n|win|Bob Couch\n|raw|Bob Couch's rating: 1208 → 1232<\/strong> (+24 for winning)\n|raw|Pamendrel's rating: 1195 → 1171<\/strong> (-24 for losing)\n|l|\u2606Pamendrel\n","uploadtime":1681863777,"views":13,"p1id":"bobcouch","p2id":"pamendrel","formatid":"gen9vgc2023regulationc","rating":1171,"private":0,"password":""}