{"id":"gen9vgc2023regulationc-1859692863","p1":"bgcfranky","p2":"tippotappo","format":"[Gen 9] VGC 2023 Regulation C","log":"|j|\u2606bgcfranky\n|j|\u2606tippotappo\n|t:|1683556603\n|gametype|doubles\n|player|p1|bgcfranky|rocketgrunt|1211\n|player|p2|tippotappo|102|1255\n|teamsize|p1|6\n|teamsize|p2|6\n|gen|9\n|tier|[Gen 9] VGC 2023 Regulation C\n|rated|\n|rule|Species Clause: Limit one of each Pok\u00e9mon\n|rule|Item Clause: Limit one of each item\n|clearpoke\n|poke|p1|Volcarona, L50, M|\n|poke|p1|Wo-Chien, L50|\n|poke|p1|Grimmsnarl, L50, M|\n|poke|p1|Iron Hands, L50|\n|poke|p1|Slowking, L50, M|\n|poke|p1|Salamence, L50, M|\n|poke|p2|Talonflame, L50, F|\n|poke|p2|Gyarados, L50, M|\n|poke|p2|Flutter Mane, L50|\n|poke|p2|Amoonguss, L50, F|\n|poke|p2|Ceruledge, L50, F|\n|poke|p2|Baxcalibur, L50, F|\n|teampreview|4\n|inactive|Battle timer is ON: inactive players will automatically lose when time's up. (requested by tippotappo)\n|inactive|bgcfranky has 60 seconds left.\n|inactive|bgcfranky has 30 seconds left.\ntippotappo rejected open team sheets.\n|\n|t:|1683556672\n|start\n|switch|p1a: Iron Hands|Iron Hands, L50|100\/100\n|switch|p1b: Slowking|Slowking, L50, M|100\/100\n|switch|p2a: Talonflame|Talonflame, L50, F, shiny|100\/100\n|switch|p2b: Flutter Mane|Flutter Mane, L50, shiny|100\/100\n|turn|1\n|inactive|bgcfranky has 30 seconds left.\n|inactive|tippotappo has 30 seconds left.\n|inactive|bgcfranky has 20 seconds left.\n|inactive|bgcfranky has 15 seconds left.\n|inactive|bgcfranky has 10 seconds left.\n|inactive|bgcfranky has 5 seconds left.\n|\n|t:|1683556722\n|-terastallize|p1b: Slowking|Water\n|move|p1a: Iron Hands|Fake Out|p2a: Talonflame\n|-damage|p2a: Talonflame|88\/100\n|-damage|p1a: Iron Hands|84\/100|[from] item: Rocky Helmet|[of] p2a: Talonflame\n|move|p2b: Flutter Mane|Dazzling Gleam|p1b: Slowking|[spread] p1a,p1b\n|-supereffective|p1a: Iron Hands\n|-damage|p1a: Iron Hands|24\/100\n|-damage|p1b: Slowking|71\/100\n|-enditem|p1a: Iron Hands|Sitrus Berry|[eat]\n|-heal|p1a: Iron Hands|49\/100|[from] item: Sitrus Berry\n|-damage|p2b: Flutter Mane|91\/100|[from] item: Life Orb\n|cant|p2a: Talonflame|flinch\n|move|p1b: Slowking|Trick Room|p1b: Slowking\n|-fieldstart|move: Trick Room|[of] p1b: Slowking\n|\n|upkeep\n|turn|2\n|inactive|bgcfranky has 30 seconds left.\n|inactive|tippotappo has 30 seconds left.\n|inactive|tippotappo has 20 seconds left.\n|\n|t:|1683556758\n|-end|p2b: Flutter Mane|Protosynthesis|[silent]\n|switch|p2b: Gyarados|Gyarados, L50, M, shiny|100\/100\n|-ability|p2b: Gyarados|Intimidate|boost\n|-unboost|p1a: Iron Hands|atk|1\n|-unboost|p1b: Slowking|atk|1\n|move|p1b: Slowking|Heal Pulse|p1a: Iron Hands\n|-heal|p1a: Iron Hands|99\/100\n|move|p1a: Iron Hands|Thunder Punch|p2b: Gyarados\n|-supereffective|p2b: Gyarados\n|-damage|p2b: Gyarados|9\/100\n|-status|p2b: Gyarados|par\n|-enditem|p2b: Gyarados|Iapapa Berry|[eat]\n|-heal|p2b: Gyarados|43\/100 par|[from] item: Iapapa Berry\n|move|p2a: Talonflame|Will-O-Wisp|p1a: Iron Hands|[miss]\n|-miss|p2a: Talonflame|p1a: Iron Hands\n|\n|upkeep\n|turn|3\n|\n|t:|1683556781\n|move|p2b: Gyarados|Thunder Wave|p1b: Slowking\n|-status|p1b: Slowking|par\n|move|p1b: Slowking|Hydro Pump|p2a: Talonflame\n|-supereffective|p2a: Talonflame\n|-damage|p2a: Talonflame|0 fnt\n|faint|p2a: Talonflame\n|move|p1a: Iron Hands|Thunder Punch|p2b: Gyarados\n|-supereffective|p2b: Gyarados\n|-damage|p2b: Gyarados|0 fnt\n|faint|p2b: Gyarados\n|\n|upkeep\n|\n|t:|1683556788\n|switch|p2b: Baxcalibur|Baxcalibur, L50, F, shiny|100\/100\n|switch|p2a: Flutter Mane|Flutter Mane, L50, shiny|91\/100\n|turn|4\n|inactive|bgcfranky has 30 seconds left.\n|inactive|bgcfranky has 20 seconds left.\n|\n|t:|1683556825\n|-terastallize|p2a: Flutter Mane|Fairy\n|move|p1b: Slowking|Hydro Pump|p2a: Flutter Mane\n|-damage|p2a: Flutter Mane|29\/100\n|move|p1a: Iron Hands|Thunder Punch|p2a: Flutter Mane\n|-damage|p2a: Flutter Mane|0 fnt\n|faint|p2a: Flutter Mane\n|-end|p2a: Flutter Mane|Protosynthesis|[silent]\n|move|p2b: Baxcalibur|Glaive Rush|p1b: Slowking\n|-damage|p1b: Slowking|2\/100 par\n|-singlemove|p2b: Baxcalibur|Glaive Rush|[silent]\n|\n|upkeep\n|turn|5\n|-message|tippotappo forfeited.\n|\n|win|bgcfranky\n|raw|bgcfranky's rating: 1211 → 1239<\/strong> (+28 for winning)\n|raw|tippotappo's rating: 1255 → 1227<\/strong> (-28 for losing)\n|l|\u2606tippotappo\n","uploadtime":1683556850,"views":7,"p1id":"bgcfranky","p2id":"tippotappo","formatid":"gen9vgc2023regulationc","rating":1227,"private":0,"password":""}