{"id":"gen9vgc2023regulationc-1851775685","p1":"hw0704","p2":"Huyeon0910","format":"[Gen 9] VGC 2023 Regulation C","log":"|j|\u2606hw0704\n|j|\u2606Huyeon0910\n|t:|1682481714\n|gametype|doubles\n|player|p1|hw0704|roxanne|1251\n|player|p2|Huyeon0910|266|1273\n|teamsize|p1|6\n|teamsize|p2|6\n|gen|9\n|tier|[Gen 9] VGC 2023 Regulation C\n|rated|\n|rule|Species Clause: Limit one of each Pok\u00e9mon\n|rule|Item Clause: Limit one of each item\n|clearpoke\n|poke|p1|Grimmsnarl, L50, M|\n|poke|p1|Flutter Mane, L50|\n|poke|p1|Gholdengo, L50|\n|poke|p1|Iron Bundle, L50|\n|poke|p1|Chi-Yu, L50|\n|poke|p1|Amoonguss, L50, M|\n|poke|p2|Glimmora, L50, M|\n|poke|p2|Wo-Chien, L50|\n|poke|p2|Gothitelle, L50, M|\n|poke|p2|Arcanine, L50, F|\n|poke|p2|Palafin, L50, F|\n|poke|p2|Flutter Mane, L50|\n|teampreview|4\n|inactive|Battle timer is ON: inactive players will automatically lose when time's up. (requested by Huyeon0910)\n|inactive|hw0704 has 60 seconds left.\n|\n|t:|1682481759\n|start\n|switch|p1a: Chi-Yu|Chi-Yu, L50|100\/100\n|switch|p1b: Gholdengo|Gholdengo, L50|100\/100\n|switch|p2a: Glimmora|Glimmora, L50, M|100\/100\n|switch|p2b: Palafin|Palafin, L50, F|100\/100\n|-ability|p1a: Chi-Yu|Beads of Ruin\n|turn|1\n|inactive|hw0704 has 30 seconds left.\n|inactive|hw0704 has 20 seconds left.\n|inactive|hw0704 has 15 seconds left.\n|\n|t:|1682481799\n|-terastallize|p1a: Chi-Yu|Grass\n|move|p2b: Palafin|Jet Punch|p1a: Chi-Yu\n|-resisted|p1a: Chi-Yu\n|-damage|p1a: Chi-Yu|77\/100\n|move|p1a: Chi-Yu|Tera Blast|p2b: Palafin\n|-supereffective|p2b: Palafin\n|-damage|p2b: Palafin|0 fnt\n|faint|p2b: Palafin\n|move|p1b: Gholdengo|Make It Rain|p2a: Glimmora\n|-supereffective|p2a: Glimmora\n|-damage|p2a: Glimmora|0 fnt\n|-unboost|p1b: Gholdengo|spa|1\n|faint|p2a: Glimmora\n|\n|upkeep\n|\n|t:|1682481814\n|switch|p2b: Wo-Chien|Wo-Chien, L50|100\/100\n|switch|p2a: Arcanine|Arcanine, L50, F|100\/100\n|-ability|p2a: Arcanine|Intimidate|boost\n|-unboost|p1a: Chi-Yu|atk|1\n|-unboost|p1b: Gholdengo|atk|1\n|-ability|p2b: Wo-Chien|Tablets of Ruin\n|turn|2\n|inactive|hw0704 has 30 seconds left.\n|inactive|hw0704 has 20 seconds left.\n|\n|t:|1682481849\n|switch|p1a: Iron Bundle|Iron Bundle, L50|100\/100\n|-enditem|p1a: Iron Bundle|Booster Energy\n|-activate|p1a: Iron Bundle|ability: Quark Drive|[fromitem]\n|-start|p1a: Iron Bundle|quarkdrivespe\n|move|p1b: Gholdengo|Protect|p1b: Gholdengo\n|-singleturn|p1b: Gholdengo|Protect\n|move|p2b: Wo-Chien|Protect|p2b: Wo-Chien\n|-singleturn|p2b: Wo-Chien|Protect\n|move|p2a: Arcanine|Flare Blitz|p1b: Gholdengo\n|-activate|p1b: Gholdengo|move: Protect\n|\n|upkeep\n|turn|3\n|inactive|hw0704 has 30 seconds left.\n|inactive|hw0704 has 20 seconds left.\n|inactive|hw0704 has 15 seconds left.\n|inactive|hw0704 has 10 seconds left.\n|inactive|hw0704 has 5 seconds left.\n|\n|t:|1682481904\n|move|p1a: Iron Bundle|Hydro Pump|p2a: Arcanine\n|-supereffective|p2a: Arcanine\n|-damage|p2a: Arcanine|6\/100\n|move|p1b: Gholdengo|Make It Rain|p2a: Arcanine|[spread] p2a,p2b\n|-resisted|p2a: Arcanine\n|-damage|p2a: Arcanine|0 fnt\n|-damage|p2b: Wo-Chien|80\/100\n|-unboost|p1b: Gholdengo|spa|1\n|faint|p2a: Arcanine\n|move|p2b: Wo-Chien|Leech Seed|p1a: Iron Bundle\n|-start|p1a: Iron Bundle|move: Leech Seed\n|\n|-heal|p2b: Wo-Chien|86\/100|[from] item: Leftovers\n|-damage|p1a: Iron Bundle|88\/100|[from] Leech Seed|[of] p2b: Wo-Chien\n|-heal|p2b: Wo-Chien|94\/100|[silent]\n|upkeep\n|turn|4\n|\n|t:|1682481928\n|switch|p1b: Amoonguss|Amoonguss, L50, M|100\/100\n|move|p1a: Iron Bundle|Freeze-Dry|p2b: Wo-Chien\n|-supereffective|p2b: Wo-Chien\n|-damage|p2b: Wo-Chien|46\/100\n|move|p2b: Wo-Chien|Foul Play|p1b: Amoonguss\n|-damage|p1b: Amoonguss|78\/100\n|-damage|p2b: Wo-Chien|30\/100|[from] item: Rocky Helmet|[of] p1b: Amoonguss\n|\n|-heal|p2b: Wo-Chien|36\/100|[from] item: Leftovers\n|-damage|p1a: Iron Bundle|76\/100|[from] Leech Seed|[of] p2b: Wo-Chien\n|-heal|p2b: Wo-Chien|44\/100|[silent]\n|upkeep\n|turn|5\n|-message|Huyeon0910 forfeited.\n|\n|win|hw0704\n|raw|hw0704's rating: 1251 → 1278<\/strong> (+27 for winning)\n|raw|Huyeon0910's rating: 1273 → 1246<\/strong> (-27 for losing)\n|l|\u2606Huyeon0910\n","uploadtime":1682482017,"views":17,"p1id":"hw0704","p2id":"huyeon0910","formatid":"gen9vgc2023regulationc","rating":1246,"private":0,"password":""}