{"id":"gen9vgc2023regulationc-1857726884","p1":"BrianJortVGC","p2":"Combustandy","format":"[Gen 9] VGC 2023 Regulation C","log":"|j|\u2606BrianJortVGC\n|j|\u2606Combustandy\n|t:|1683226064\n|gametype|doubles\n|player|p1|BrianJortVGC|fennel|\n|player|p2|Combustandy|169|\n|teamsize|p1|6\n|teamsize|p2|6\n|gen|9\n|tier|[Gen 9] VGC 2023 Regulation C\n|rule|Species Clause: Limit one of each Pok\u00e9mon\n|rule|Item Clause: Limit one of each item\n|clearpoke\n|poke|p1|Bellibolt, L50, M|\n|poke|p1|Gastrodon-East, L50, F|\n|poke|p1|Iron Treads, L50|\n|poke|p1|Mimikyu, L50, M|\n|poke|p1|Chi-Yu, L50|\n|poke|p1|Dragonite, L50, M|\n|poke|p2|Corviknight, L50, M|\n|poke|p2|Chi-Yu, L50|\n|poke|p2|Gyarados, L50, M|\n|poke|p2|Flutter Mane, L50|\n|poke|p2|Amoonguss, L50, M|\n|poke|p2|Iron Hands, L50|\n|teampreview|4\n|c|\u2606Combustandy|g2\nBrianJortVGC has agreed to open team sheets.\nCombustandy has agreed to open team sheets.\n|l|\u2606BrianJortVGC\n|player|p1|\n|j|\u2606BrianJortVGC\n|player|p1|BrianJortVGC|fennel\n|l|\u2606BrianJortVGC\n|player|p1|\n|j| XerneusVGC\n|j|\u2606BrianJortVGC\n|player|p1|BrianJortVGC|fennel\n|j| genericname3333\n|l|\u2606BrianJortVGC\n|player|p1|\n|j| SwedeLRL\n|j|\u2606BrianJortVGC\n|player|p1|BrianJortVGC|fennel\n|c|\u2606BrianJortVGC|GLHF\n|c|\u2606Combustandy|u2\n|j| bumboobots\n|j| Spelunker Xeno\n|j| scotty1vgc\n|\n|t:|1683226821\n|start\n|switch|p1a: Pretty Sweet|Mimikyu, L50, M|100\/100\n|switch|p1b: Solo|Bellibolt, L50, M, shiny|100\/100\n|switch|p2a: Iron Hands|Iron Hands, L50|100\/100\n|switch|p2b: Chi-Yu|Chi-Yu, L50|100\/100\n|-ability|p2b: Chi-Yu|Beads of Ruin\n|turn|1\n|\n|t:|1683226843\n|move|p2a: Iron Hands|Fake Out|p1b: Solo\n|-damage|p1b: Solo|88\/100\n|-start|p1b: Solo|Charge|Fake Out|[from] ability: Electromorphosis\n|move|p1a: Pretty Sweet|Will-O-Wisp|p2a: Iron Hands\n|-status|p2a: Iron Hands|brn\n|move|p2b: Chi-Yu|Heat Wave|p1a: Pretty Sweet|[spread] p1a,p1b\n|-activate|p1a: Pretty Sweet|ability: Disguise\n|-damage|p1a: Pretty Sweet|100\/100\n|-damage|p1b: Solo|57\/100\n|-start|p1b: Solo|Charge|Heat Wave|[from] ability: Electromorphosis\n|detailschange|p1a: Pretty Sweet|Mimikyu-Busted, L50, M\n|-damage|p1a: Pretty Sweet|88\/100|[from] pokemon: Mimikyu-Busted\n|cant|p1b: Solo|flinch\n|\n|-damage|p2a: Iron Hands|94\/100 brn|[from] brn\n|upkeep\n|turn|2\n|\n|t:|1683226880\n|switch|p1a: Self Control|Gastrodon-East, L50, F|100\/100\n|move|p2b: Chi-Yu|Protect|p2b: Chi-Yu\n|-singleturn|p2b: Chi-Yu|Protect\n|move|p2a: Iron Hands|Volt Switch|p1a: Self Control\n|-immune|p1a: Self Control\n|move|p1b: Solo|Parabolic Charge|p2a: Iron Hands|[spread] p2a\n|-activate|p2b: Chi-Yu|move: Protect\n|-immune|p1a: Self Control\n|-resisted|p2a: Iron Hands\n|-damage|p2a: Iron Hands|80\/100 brn\n|-heal|p1b: Solo|65\/100|[from] drain|[of] p2a: Iron Hands\n|-end|p1b: Solo|Charge|[silent]\n|\n|-damage|p2a: Iron Hands|74\/100 brn|[from] brn\n|upkeep\n|turn|3\n|\n|t:|1683226907\n|move|p2b: Chi-Yu|Dark Pulse|p1a: Self Control\n|-damage|p1a: Self Control|50\/100\n|move|p2a: Iron Hands|Drain Punch|p1a: Self Control\n|-damage|p1a: Self Control|30\/100\n|-heal|p2a: Iron Hands|83\/100 brn|[from] drain|[of] p1a: Self Control\n|move|p1a: Self Control|Earth Power|p2b: Chi-Yu\n|-supereffective|p2b: Chi-Yu\n|-damage|p2b: Chi-Yu|47\/100\n|move|p1b: Solo|Thunderbolt|p2b: Chi-Yu\n|-damage|p2b: Chi-Yu|12\/100\n|\n|-damage|p2a: Iron Hands|77\/100 brn|[from] brn\n|upkeep\n|turn|4\n|\n|t:|1683226935\n|-end|p2a: Iron Hands|Quark Drive|[silent]\n|switch|p2a: Flutter Mane|Flutter Mane, L50|100\/100\n|-enditem|p2a: Flutter Mane|Booster Energy\n|-activate|p2a: Flutter Mane|ability: Protosynthesis|[fromitem]\n|-start|p2a: Flutter Mane|protosynthesisspa\n|move|p2b: Chi-Yu|Protect|p2b: Chi-Yu\n|-singleturn|p2b: Chi-Yu|Protect\n|move|p1a: Self Control|Recover|p1a: Self Control\n|-heal|p1a: Self Control|80\/100\n|move|p1b: Solo|Parabolic Charge|p2a: Flutter Mane|[spread] p2a\n|-activate|p2b: Chi-Yu|move: Protect\n|-immune|p1a: Self Control\n|-damage|p2a: Flutter Mane|76\/100\n|-heal|p1b: Solo|74\/100|[from] drain|[of] p2a: Flutter Mane\n|\n|upkeep\n|turn|5\n|\n|t:|1683227015\n|move|p2a: Flutter Mane|Shadow Ball|p1a: Self Control\n|-damage|p1a: Self Control|17\/100\n|move|p2b: Chi-Yu|Dark Pulse|p1a: Self Control\n|-damage|p1a: Self Control|0 fnt\n|faint|p1a: Self Control\n|move|p1b: Solo|Parabolic Charge|p2a: Flutter Mane|[spread] p2a,p2b\n|-damage|p2a: Flutter Mane|51\/100\n|-heal|p1b: Solo|83\/100|[from] drain|[of] p2a: Flutter Mane\n|-damage|p2b: Chi-Yu|0 fnt\n|-heal|p1b: Solo|88\/100|[from] drain|[of] p2b: Chi-Yu\n|faint|p2b: Chi-Yu\n|\n|upkeep\n|\n|t:|1683227028\n|switch|p2b: Iron Hands|Iron Hands, L50|77\/100 brn\n|switch|p1a: White Ferrari|Iron Treads, L50|100\/100\n|-enditem|p1a: White Ferrari|Booster Energy\n|-activate|p1a: White Ferrari|ability: Quark Drive|[fromitem]\n|-start|p1a: White Ferrari|quarkdrivespe\n|turn|6\n|\n|t:|1683227051\n|move|p1a: White Ferrari|Protect|p1a: White Ferrari\n|-singleturn|p1a: White Ferrari|Protect\n|move|p2b: Iron Hands|Fake Out|p1b: Solo\n|-damage|p1b: Solo|82\/100\n|-start|p1b: Solo|Charge|Fake Out|[from] ability: Electromorphosis\n|move|p2a: Flutter Mane|Moonblast|p1b: Solo\n|-damage|p1b: Solo|44\/100\n|-unboost|p1b: Solo|spa|1\n|-start|p1b: Solo|Charge|Moonblast|[from] ability: Electromorphosis\n|cant|p1b: Solo|flinch\n|-end|p1b: Solo|Charge|[silent]\n|\n|-damage|p2b: Iron Hands|71\/100 brn|[from] brn\n|upkeep\n|turn|7\n|\n|t:|1683227067\n|move|p2a: Flutter Mane|Protect|p2a: Flutter Mane\n|-singleturn|p2a: Flutter Mane|Protect\n|move|p1a: White Ferrari|Stomping Tantrum|p2b: Iron Hands\n|-supereffective|p2b: Iron Hands\n|-damage|p2b: Iron Hands|21\/100 brn\n|move|p2b: Iron Hands|Drain Punch|p1a: White Ferrari\n|-supereffective|p1a: White Ferrari\n|-damage|p1a: White Ferrari|63\/100\n|-heal|p2b: Iron Hands|35\/100 brn|[from] drain|[of] p1a: White Ferrari\n|move|p1b: Solo|Thunderbolt|p2a: Flutter Mane\n|-activate|p2a: Flutter Mane|move: Protect\n|\n|-damage|p2b: Iron Hands|29\/100 brn|[from] brn\n|upkeep\n|turn|8\n|\n|t:|1683227087\n|-end|p2a: Flutter Mane|Protosynthesis|[silent]\n|switch|p2a: Gyarados|Gyarados, L50, M|100\/100\n|-ability|p2a: Gyarados|Intimidate|boost\n|-unboost|p1a: White Ferrari|atk|1\n|-unboost|p1b: Solo|atk|1\n|move|p1a: White Ferrari|Iron Head|p2a: Gyarados\n|-resisted|p2a: Gyarados\n|-damage|p2a: Gyarados|87\/100\n|move|p2b: Iron Hands|Drain Punch|p1a: White Ferrari\n|-supereffective|p1a: White Ferrari\n|-damage|p1a: White Ferrari|22\/100\n|-heal|p2b: Iron Hands|44\/100 brn|[from] drain|[of] p1a: White Ferrari\n|move|p1b: Solo|Thunderbolt|p2a: Gyarados\n|-supereffective|p2a: Gyarados\n|-damage|p2a: Gyarados|20\/100\n|-enditem|p2a: Gyarados|Sitrus Berry|[eat]\n|-heal|p2a: Gyarados|45\/100|[from] item: Sitrus Berry\n|\n|-damage|p2b: Iron Hands|38\/100 brn|[from] brn\n|upkeep\n|turn|9\n|\n|t:|1683227121\n|-terastallize|p1b: Solo|Flying\n|move|p1a: White Ferrari|Stomping Tantrum|p2b: Iron Hands\n|-supereffective|p2b: Iron Hands\n|-damage|p2b: Iron Hands|7\/100 brn\n|move|p2a: Gyarados|Waterfall|p1b: Solo\n|-damage|p1b: Solo|17\/100\n|-start|p1b: Solo|Charge|Waterfall|[from] ability: Electromorphosis\n|move|p2b: Iron Hands|Drain Punch|p1b: Solo\n|-resisted|p1b: Solo\n|-damage|p1b: Solo|8\/100\n|-heal|p2b: Iron Hands|11\/100 brn|[from] drain|[of] p1b: Solo\n|-start|p1b: Solo|Charge|Drain Punch|[from] ability: Electromorphosis\n|move|p1b: Solo|Parabolic Charge|p2b: Iron Hands|[spread] p2a,p2b\n|-immune|p1a: White Ferrari\n|-supereffective|p2a: Gyarados\n|-resisted|p2b: Iron Hands\n|-damage|p2a: Gyarados|0 fnt\n|-heal|p1b: Solo|29\/100|[from] drain|[of] p2a: Gyarados\n|-damage|p2b: Iron Hands|4\/100 brn\n|-heal|p1b: Solo|33\/100|[from] drain|[of] p2b: Iron Hands\n|faint|p2a: Gyarados\n|-end|p1b: Solo|Charge|[silent]\n|\n|-damage|p2b: Iron Hands|0 fnt|[from] brn\n|faint|p2b: Iron Hands\n|-end|p2b: Iron Hands|Quark Drive|[silent]\n|upkeep\n|\n|t:|1683227143\n|switch|p2b: Flutter Mane|Flutter Mane, L50|51\/100\n|turn|10\n|\n|t:|1683227148\n|-terastallize|p2b: Flutter Mane|Fairy\n|move|p1a: White Ferrari|Iron Head|p2b: Flutter Mane\n|-supereffective|p2b: Flutter Mane\n|-damage|p2b: Flutter Mane|0 fnt\n|faint|p2b: Flutter Mane\n|-end|p2b: Flutter Mane|Protosynthesis|[silent]\n|\n|win|BrianJortVGC\n|c|\u2606BrianJortVGC|GGs\n|c|\u2606Combustandy|gg\n|l| XerneusVGC\n|c|\u2606BrianJortVGC|Fun set, I\u2019m ngl I was nervous as hell clicking that tera\n|l| scotty1vgc\n|l| Spelunker Xeno\n|l|\u2606BrianJortVGC\n|j|\u2606BrianJortVGC\n|player|p1|BrianJortVGC|fennel\n|l|\u2606BrianJortVGC\n|player|p1|\n|l| genericname3333\n|j|\u2606BrianJortVGC\n|player|p1|BrianJortVGC|fennel\n|l|\u2606BrianJortVGC\n|player|p1|\n|c|\u2606Combustandy|was real close\n","uploadtime":1683227279,"views":22,"p1id":"brianjortvgc","p2id":"combustandy","formatid":"gen9vgc2023regulationc","rating":0,"private":0,"password":""}