{"id":"gen9vgc2023regulationc-1856382282","p1":"TheHilbo","p2":"ventianndk","format":"[Gen 9] VGC 2023 Regulation C","log":"|j|\u2606TheHilbo\n|j|\u2606ventianndk\n|t:|1683056119\n|gametype|doubles\n|player|p1|TheHilbo|2|1103\n|player|p2|ventianndk|1|1133\n|teamsize|p1|6\n|teamsize|p2|6\n|gen|9\n|tier|[Gen 9] VGC 2023 Regulation C\n|rated|\n|rule|Species Clause: Limit one of each Pok\u00e9mon\n|rule|Item Clause: Limit one of each item\n|clearpoke\n|poke|p1|Skeledirge, L50, M|\n|poke|p1|Oranguru, L50, M|\n|poke|p1|Dondozo, L50, F|\n|poke|p1|Glimmora, L50, F|\n|poke|p1|Wo-Chien, L50|\n|poke|p1|Flutter Mane, L50|\n|poke|p2|Palafin, L50, F|\n|poke|p2|Flutter Mane, L50|\n|poke|p2|Arcanine, L50, M|\n|poke|p2|Amoonguss, L50, M|\n|poke|p2|Ting-Lu, L50|\n|poke|p2|Roaring Moon, L50|\n|teampreview|4\n|\n|t:|1683056153\n|start\n|switch|p1a: Wo-Chien|Wo-Chien, L50|100\/100\n|switch|p1b: Oranguru|Oranguru, L50, M|100\/100\n|switch|p2a: Palafin|Palafin, L50, F|100\/100\n|switch|p2b: Flutter Mane|Flutter Mane, L50|100\/100\n|-ability|p1a: Wo-Chien|Tablets of Ruin\n|turn|1\n|\n|t:|1683056171\n|detailschange|p2a: Palafin|Palafin-Hero, L50, F\n|switch|p2a: Arcanine|Arcanine, L50, M|100\/100\n|-ability|p2a: Arcanine|Intimidate|boost\n|-unboost|p1a: Wo-Chien|atk|1\n|-unboost|p1b: Oranguru|atk|1\n|switch|p1a: Skeledirge|Skeledirge, L50, M|100\/100\n|-terastallize|p2b: Flutter Mane|Fairy\n|move|p2b: Flutter Mane|Dazzling Gleam|p1a: Skeledirge|[spread] p1a,p1b\n|-resisted|p1a: Skeledirge\n|-damage|p1a: Skeledirge|71\/100\n|-damage|p1b: Oranguru|48\/100\n|move|p1b: Oranguru|Trick Room|p1b: Oranguru\n|-fieldstart|move: Trick Room|[of] p1b: Oranguru\n|\n|upkeep\n|turn|2\n|\n|t:|1683056198\n|move|p2a: Arcanine|Extreme Speed|p1a: Skeledirge\n|-immune|p1a: Skeledirge\n|move|p1a: Skeledirge|Torch Song|p2b: Flutter Mane\n|-damage|p2b: Flutter Mane|61\/100\n|-boost|p1a: Skeledirge|spa|1\n|-enditem|p1a: Skeledirge|Throat Spray\n|-boost|p1a: Skeledirge|spa|1|[from] item: Throat Spray\n|-activate|p1b: Oranguru|ability: Symbiosis|Life Orb|[of] p1a: Skeledirge\n|move|p1b: Oranguru|Instruct|p1a: Skeledirge\n|-singleturn|p1a: Skeledirge|move: Instruct|[of] p1b: Oranguru\n|move|p1a: Skeledirge|Torch Song|p2b: Flutter Mane\n|-damage|p2b: Flutter Mane|0 fnt\n|-boost|p1a: Skeledirge|spa|1\n|faint|p2b: Flutter Mane\n|-end|p2b: Flutter Mane|Protosynthesis|[silent]\n|-damage|p1a: Skeledirge|61\/100|[from] item: Life Orb\n|\n|upkeep\n|\n|t:|1683056215\n|switch|p2b: Palafin|Palafin-Hero, L50, F|100\/100\n|-activate|p2b: Palafin|ability: Zero to Hero\n|turn|3\n|\n|t:|1683056223\n|-terastallize|p1a: Skeledirge|Grass\n|move|p2b: Palafin|Jet Punch|p1a: Skeledirge\n|-resisted|p1a: Skeledirge\n|-damage|p1a: Skeledirge|44\/100\n|move|p1a: Skeledirge|Heat Wave|p2a: Arcanine|[spread] p2a,p2b\n|-resisted|p2a: Arcanine\n|-resisted|p2b: Palafin\n|-damage|p2a: Arcanine|63\/100\n|-damage|p2b: Palafin|47\/100\n|-damage|p1a: Skeledirge|34\/100|[from] item: Life Orb\n|move|p1b: Oranguru|Instruct|p1a: Skeledirge\n|-singleturn|p1a: Skeledirge|move: Instruct|[of] p1b: Oranguru\n|move|p1a: Skeledirge|Heat Wave|p2a: Arcanine|[spread] p2a,p2b\n|-resisted|p2a: Arcanine\n|-resisted|p2b: Palafin\n|-damage|p2a: Arcanine|24\/100\n|-damage|p2b: Palafin|0 fnt\n|faint|p2b: Palafin\n|-damage|p1a: Skeledirge|24\/100|[from] item: Life Orb\n|move|p2a: Arcanine|Flare Blitz|p1b: Oranguru\n|-damage|p1b: Oranguru|11\/100\n|-damage|p2a: Arcanine|12\/100|[from] Recoil\n|\n|upkeep\n|\n|t:|1683056231\n|switch|p2b: Roaring Moon|Roaring Moon, L50|100\/100\n|-enditem|p2b: Roaring Moon|Booster Energy\n|-activate|p2b: Roaring Moon|ability: Protosynthesis|[fromitem]\n|-start|p2b: Roaring Moon|protosynthesisatk\n|turn|4\n|\n|t:|1683056251\n|move|p2a: Arcanine|Extreme Speed|p1b: Oranguru\n|-damage|p1b: Oranguru|0 fnt\n|faint|p1b: Oranguru\n|move|p1a: Skeledirge|Heat Wave|p2b: Roaring Moon|[spread] p2a,p2b\n|-resisted|p2a: Arcanine\n|-resisted|p2b: Roaring Moon\n|-damage|p2a: Arcanine|0 fnt\n|-damage|p2b: Roaring Moon|52\/100\n|faint|p2a: Arcanine\n|-damage|p1a: Skeledirge|14\/100|[from] item: Life Orb\n|move|p2b: Roaring Moon|Dragon Dance|p2b: Roaring Moon\n|-boost|p2b: Roaring Moon|atk|1\n|-boost|p2b: Roaring Moon|spe|1\n|\n|upkeep\n|\n|t:|1683056265\n|switch|p1b: Dondozo|Dondozo, L50, F|100\/100\n|turn|5\n|\n|t:|1683056279\n|move|p2b: Roaring Moon|Protect|p2b: Roaring Moon\n|-singleturn|p2b: Roaring Moon|Protect\n|move|p1b: Dondozo|Substitute|p1b: Dondozo\n|-start|p1b: Dondozo|Substitute\n|-damage|p1b: Dondozo|76\/100\n|move|p1a: Skeledirge|Heat Wave|p2b: Roaring Moon\n|-activate|p2b: Roaring Moon|move: Protect\n|\n|-heal|p1b: Dondozo|82\/100|[from] item: Leftovers\n|-fieldend|move: Trick Room\n|upkeep\n|turn|6\n|\n|t:|1683056293\n|move|p1a: Skeledirge|Protect|p1a: Skeledirge\n|-singleturn|p1a: Skeledirge|Protect\n|move|p2b: Roaring Moon|Acrobatics|p1a: Skeledirge\n|-activate|p1a: Skeledirge|move: Protect\n|move|p1b: Dondozo|Yawn|p2b: Roaring Moon\n|-start|p2b: Roaring Moon|move: Yawn|[of] p1b: Dondozo\n|\n|-heal|p1b: Dondozo|88\/100|[from] item: Leftovers\n|upkeep\n|turn|7\n|\n|t:|1683056307\n|move|p1a: Skeledirge|Protect|p1a: Skeledirge\n|-singleturn|p1a: Skeledirge|Protect\n|move|p2b: Roaring Moon|Acrobatics|p1a: Skeledirge\n|-activate|p1a: Skeledirge|move: Protect\n|move|p1b: Dondozo|Fissure|p2b: Roaring Moon|[miss]\n|-miss|p1b: Dondozo|p2b: Roaring Moon\n|\n|-heal|p1b: Dondozo|94\/100|[from] item: Leftovers\n|-end|p2b: Roaring Moon|move: Yawn|[silent]\n|-status|p2b: Roaring Moon|slp\n|upkeep\n|turn|8\n|-message|ventianndk forfeited.\n|\n|win|TheHilbo\n|raw|TheHilbo's rating: 1103 → 1130<\/strong> (+27 for winning)\n|raw|ventianndk's rating: 1133 → 1106<\/strong> (-27 for losing)\n|l|\u2606ventianndk\n","uploadtime":1683056387,"views":11,"p1id":"thehilbo","p2id":"ventianndk","formatid":"gen9vgc2023regulationc","rating":1106,"private":0,"password":""}