{"id":"gen9vgc2023regulationc-1857448734","p1":"Munchnie","p2":"Innho2","format":"[Gen 9] VGC 2023 Regulation C","log":"|j|\u2606Munchnie\n|j|\u2606Innho2\n|t:|1683194896\n|gametype|doubles\n|player|p1|Munchnie|maid|1156\n|player|p2|Innho2|red-gen1|1116\n|teamsize|p1|6\n|teamsize|p2|6\n|gen|9\n|tier|[Gen 9] VGC 2023 Regulation C\n|rated|\n|rule|Species Clause: Limit one of each Pok\u00e9mon\n|rule|Item Clause: Limit one of each item\n|clearpoke\n|poke|p1|Indeedee-F, L50, F|\n|poke|p1|Armarouge, L50, F|\n|poke|p1|Sunflora, L50, M|\n|poke|p1|Iron Hands, L50|\n|poke|p1|Brute Bonnet, L50|\n|poke|p1|Torkoal, L50, F|\n|poke|p2|Arcanine, L50, M|\n|poke|p2|Iron Bundle, L50|\n|poke|p2|Amoonguss, L50, M|\n|poke|p2|Roaring Moon, L50|\n|poke|p2|Annihilape, L50, M|\n|poke|p2|Chi-Yu, L50|\n|teampreview|4\n|\n|t:|1683194921\n|start\n|switch|p1a: Nana|Indeedee-F, L50, F, shiny|100\/100\n|switch|p1b: Angry Lolita|Torkoal, L50, F|100\/100\n|switch|p2a: Iron Bundle|Iron Bundle, L50|100\/100\n|switch|p2b: Amoonguss|Amoonguss, L50, M|100\/100\n|-fieldstart|move: Psychic Terrain|[from] ability: Psychic Surge|[of] p1a: Nana\n|-weather|SunnyDay|[from] ability: Drought|[of] p1b: Angry Lolita\n|turn|1\n|\n|t:|1683194941\n|move|p2a: Iron Bundle|Protect|p2a: Iron Bundle\n|-singleturn|p2a: Iron Bundle|Protect\n|move|p2b: Amoonguss|Spore|p1a: Nana\n|-status|p1a: Nana|slp|[from] move: Spore\n|move|p1b: Angry Lolita|Overheat|p2b: Amoonguss\n|-supereffective|p2b: Amoonguss\n|-damage|p2b: Amoonguss|0 fnt\n|-unboost|p1b: Angry Lolita|spa|2\n|-enditem|p1b: Angry Lolita|Eject Pack\n|faint|p2b: Amoonguss\n|\n|t:|1683194956\n|switch|p1b: Cooler Hariyama|Iron Hands, L50|100\/100\n|-enditem|p1b: Cooler Hariyama|Booster Energy\n|-activate|p1b: Cooler Hariyama|ability: Quark Drive|[fromitem]\n|-start|p1b: Cooler Hariyama|quarkdriveatk\n|cant|p1a: Nana|slp\n|\n|-weather|SunnyDay|[upkeep]\n|upkeep\n|\n|t:|1683194964\n|switch|p2b: Annihilape|Annihilape, L50, M|100\/100\n|turn|2\n|\n|t:|1683194975\n|move|p2a: Iron Bundle|Freeze-Dry|p1b: Cooler Hariyama\n|-damage|p1b: Cooler Hariyama|74\/100\n|move|p2b: Annihilape|Bulk Up|p2b: Annihilape\n|-boost|p2b: Annihilape|atk|1\n|-boost|p2b: Annihilape|def|1\n|move|p1b: Cooler Hariyama|Thunder Punch|p2a: Iron Bundle\n|-supereffective|p2a: Iron Bundle\n|-damage|p2a: Iron Bundle|0 fnt\n|faint|p2a: Iron Bundle\n|-end|p2a: Iron Bundle|Quark Drive|[silent]\n|-curestatus|p1a: Nana|slp|[msg]\n|move|p1a: Nana|Trick Room|p1a: Nana\n|-fieldstart|move: Trick Room|[of] p1a: Nana\n|\n|-weather|SunnyDay|[upkeep]\n|upkeep\n|\n|t:|1683194993\n|switch|p2a: Roaring Moon|Roaring Moon, L50|100\/100\n|-activate|p2a: Roaring Moon|ability: Protosynthesis\n|-start|p2a: Roaring Moon|protosynthesisatk\n|turn|3\n|\n|t:|1683195011\n|move|p1a: Nana|Follow Me|p1a: Nana\n|-singleturn|p1a: Nana|move: Follow Me\n|move|p1b: Cooler Hariyama|Ice Punch|p2a: Roaring Moon\n|-supereffective|p2a: Roaring Moon\n|-damage|p2a: Roaring Moon|3\/100\n|move|p2b: Annihilape|Bulk Up|p2b: Annihilape\n|-boost|p2b: Annihilape|atk|1\n|-boost|p2b: Annihilape|def|1\n|move|p2a: Roaring Moon|Acrobatics|p1a: Nana\n|-damage|p1a: Nana|71\/100\n|\n|-weather|SunnyDay|[upkeep]\n|upkeep\n|turn|4\n|\n|t:|1683195030\n|move|p2a: Roaring Moon|Protect|p2a: Roaring Moon\n|-singleturn|p2a: Roaring Moon|Protect\n|move|p1a: Nana|Follow Me|p1a: Nana\n|-singleturn|p1a: Nana|move: Follow Me\n|move|p1b: Cooler Hariyama|Ice Punch|p2a: Roaring Moon\n|-activate|p2a: Roaring Moon|move: Protect\n|move|p2b: Annihilape|Bulk Up|p2b: Annihilape\n|-boost|p2b: Annihilape|atk|1\n|-boost|p2b: Annihilape|def|1\n|\n|-weather|SunnyDay|[upkeep]\n|upkeep\n|turn|5\n|\n|t:|1683195051\n|move|p1a: Nana|Follow Me|p1a: Nana\n|-singleturn|p1a: Nana|move: Follow Me\n|move|p1b: Cooler Hariyama|Ice Punch|p2a: Roaring Moon\n|-supereffective|p2a: Roaring Moon\n|-damage|p2a: Roaring Moon|0 fnt\n|faint|p2a: Roaring Moon\n|-end|p2a: Roaring Moon|Protosynthesis|[silent]\n|move|p2b: Annihilape|Bulk Up|p2b: Annihilape\n|-boost|p2b: Annihilape|atk|1\n|-boost|p2b: Annihilape|def|1\n|\n|-weather|none\n|-fieldend|move: Psychic Terrain\n|upkeep\n|turn|6\n|\n|t:|1683195071\n|move|p2b: Annihilape|Protect|p2b: Annihilape\n|-singleturn|p2b: Annihilape|Protect\n|move|p1a: Nana|Follow Me|p1a: Nana\n|-singleturn|p1a: Nana|move: Follow Me\n|move|p1b: Cooler Hariyama|Swords Dance|p1b: Cooler Hariyama\n|-boost|p1b: Cooler Hariyama|atk|2\n|\n|-fieldend|move: Trick Room\n|upkeep\n|turn|7\n|inactive|Battle timer is ON: inactive players will automatically lose when time's up. (requested by Innho2)\n|\n|t:|1683195081\n|move|p1a: Nana|Follow Me|p1a: Nana\n|-singleturn|p1a: Nana|move: Follow Me\n|move|p2b: Annihilape|Drain Punch|p1a: Nana\n|-damage|p1a: Nana|0 fnt\n|faint|p1a: Nana\n|move|p1b: Cooler Hariyama|Thunder Punch|p2b: Annihilape\n|-damage|p2b: Annihilape|59\/100\n|\n|-heal|p2b: Annihilape|65\/100|[from] item: Leftovers\n|upkeep\n|\n|t:|1683195091\n|switch|p1a: Angry Lolita|Torkoal, L50, F|100\/100\n|-weather|SunnyDay|[from] ability: Drought|[of] p1a: Angry Lolita\n|turn|8\n|\n|t:|1683195103\n|-terastallize|p2b: Annihilape|Fire\n|move|p2b: Annihilape|Drain Punch|p1b: Cooler Hariyama\n|-damage|p1b: Cooler Hariyama|0 fnt\n|-heal|p2b: Annihilape|100\/100|[from] drain|[of] p1b: Cooler Hariyama\n|faint|p1b: Cooler Hariyama\n|-end|p1b: Cooler Hariyama|Quark Drive|[silent]\n|move|p1a: Angry Lolita|Overheat|p2b: Annihilape\n|-resisted|p2b: Annihilape\n|-damage|p2b: Annihilape|72\/100\n|-unboost|p1a: Angry Lolita|spa|2\n|\n|-weather|SunnyDay|[upkeep]\n|-heal|p2b: Annihilape|78\/100|[from] item: Leftovers\n|upkeep\n|\n|t:|1683195108\n|switch|p1b: PvZ reference|Sunflora, L50, M, shiny|100\/100\n|turn|9\n|\n|t:|1683195127\n|move|p2b: Annihilape|Rage Fist|p1b: PvZ reference\n|-damage|p1b: PvZ reference|0 fnt\n|faint|p1b: PvZ reference\n|move|p1a: Angry Lolita|Clear Smog|p2b: Annihilape\n|-damage|p2b: Annihilape|72\/100\n|-clearboost|p2b: Annihilape\n|\n|-weather|SunnyDay|[upkeep]\n|-heal|p2b: Annihilape|78\/100|[from] item: Leftovers\n|upkeep\n|turn|10\n|\n|t:|1683195134\n|move|p2b: Annihilape|Bulk Up|p2b: Annihilape\n|-boost|p2b: Annihilape|atk|1\n|-boost|p2b: Annihilape|def|1\n|move|p1a: Angry Lolita|Earth Power|p2b: Annihilape\n|-supereffective|p2b: Annihilape\n|-damage|p2b: Annihilape|61\/100\n|-unboost|p2b: Annihilape|spd|1\n|-ability|p2b: Annihilape|Defiant|boost\n|-boost|p2b: Annihilape|atk|2\n|\n|-weather|SunnyDay|[upkeep]\n|-heal|p2b: Annihilape|67\/100|[from] item: Leftovers\n|upkeep\n|turn|11\n|c|\u2606Munchnie|Ggs\n|\n|t:|1683195154\n|move|p2b: Annihilape|Rage Fist|p1a: Angry Lolita\n|-damage|p1a: Angry Lolita|0 fnt\n|faint|p1a: Angry Lolita\n|\n|win|Innho2\n|raw|Munchnie's rating: 1156 → 1128<\/strong> (-28 for losing)\n|raw|Innho2's rating: 1116 → 1144<\/strong> (+28 for winning)\n|l|\u2606Munchnie\n|l|\u2606Innho2\n|j|\u2606Innho2\n|player|p2|Innho2|red-gen1\n","uploadtime":1683195174,"views":16,"p1id":"munchnie","p2id":"innho2","formatid":"gen9vgc2023regulationc","rating":1128,"private":0,"password":""}