{"id":"gen9vgc2023regulationc-1862620863","p1":"qunqun24","p2":"yasumura24321","format":"[Gen 9] VGC 2023 Regulation C","log":"|j|\u2606qunqun24\n|j|\u203dyasumura24321\n|t:|1683906307\n|gametype|doubles\n|player|p1|qunqun24|169|1312\n|player|p2|yasumura24321|1|1321\n|teamsize|p1|6\n|teamsize|p2|6\n|gen|9\n|tier|[Gen 9] VGC 2023 Regulation C\n|rated|\n|rule|Species Clause: Limit one of each Pok\u00e9mon\n|rule|Item Clause: Limit one of each item\n|clearpoke\n|poke|p1|Annihilape, L50, F|\n|poke|p1|Gholdengo, L50|\n|poke|p1|Gyarados, L50, M|\n|poke|p1|Ting-Lu, L50|\n|poke|p1|Maushold-Four, L50|\n|poke|p1|Abomasnow, L50, F|\n|poke|p2|Chi-Yu, L50|\n|poke|p2|Flutter Mane, L50|\n|poke|p2|Baxcalibur, L50, M|\n|poke|p2|Gyarados, L50, F|\n|poke|p2|Murkrow, L50, F|\n|poke|p2|Great Tusk, L50|\n|teampreview|4\n|inactive|Battle timer is ON: inactive players will automatically lose when time's up. (requested by qunqun24)\n|inactive|qunqun24 has 60 seconds left.\n|inactive|yasumura24321 has 60 seconds left.\n|\n|t:|1683906347\n|start\n|switch|p1a: Gyarados|Gyarados, L50, M|100\/100\n|switch|p1b: Maushold|Maushold-Four, L50|100\/100\n|switch|p2a: Murkrow|Murkrow, L50, F|100\/100\n|switch|p2b: Chi-Yu|Chi-Yu, L50|100\/100\n|-ability|p2b: Chi-Yu|Beads of Ruin\n|-ability|p1a: Gyarados|Intimidate|boost\n|-unboost|p2a: Murkrow|atk|1\n|-unboost|p2b: Chi-Yu|atk|1\n|-enditem|p2b: Chi-Yu|Eject Pack\n|\n|t:|1683906364\n|switch|p2b: Great Tusk|Great Tusk, L50|100\/100\n|turn|1\n|\n|t:|1683906375\n|move|p1b: Maushold|Protect|p1b: Maushold\n|-singleturn|p1b: Maushold|Protect\n|move|p2a: Murkrow|Sunny Day|p2a: Murkrow\n|-weather|SunnyDay\n|-activate|p2b: Great Tusk|ability: Protosynthesis\n|-start|p2b: Great Tusk|protosynthesisatk\n|move|p2b: Great Tusk|Close Combat|p1b: Maushold\n|-activate|p1b: Maushold|move: Protect\n|move|p1a: Gyarados|Taunt|p2a: Murkrow\n|-start|p2a: Murkrow|move: Taunt\n|\n|-weather|SunnyDay|[upkeep]\n|upkeep\n|turn|2\n|\n|t:|1683906396\n|switch|p1b: Abomasnow|Abomasnow, L50, F|100\/100\n|-weather|Snow|[from] ability: Snow Warning|[of] p1b: Abomasnow\n|-end|p2b: Great Tusk|Protosynthesis\n|switch|p2a: Baxcalibur|Baxcalibur, L50, M|100\/100\n|move|p2b: Great Tusk|Close Combat|p1b: Abomasnow\n|-supereffective|p1b: Abomasnow\n|-damage|p1b: Abomasnow|0 fnt\n|-unboost|p2b: Great Tusk|def|1\n|-unboost|p2b: Great Tusk|spd|1\n|faint|p1b: Abomasnow\n|move|p1a: Gyarados|Waterfall|p2b: Great Tusk\n|-supereffective|p2b: Great Tusk\n|-damage|p2b: Great Tusk|18\/100\n|\n|-weather|Snow|[upkeep]\n|upkeep\n|\n|t:|1683906412\n|switch|p1b: Annihilape|Annihilape, L50, F|100\/100\n|turn|3\n|\n|t:|1683906431\n|-end|p2b: Great Tusk|Protosynthesis|[silent]\n|switch|p2b: Chi-Yu|Chi-Yu, L50|100\/100\n|-ability|p2b: Chi-Yu|Beads of Ruin\n|move|p2a: Baxcalibur|Glaive Rush|p1b: Annihilape\n|-damage|p1b: Annihilape|37\/100\n|-singlemove|p2a: Baxcalibur|Glaive Rush|[silent]\n|move|p1b: Annihilape|Bulk Up|p1b: Annihilape\n|-boost|p1b: Annihilape|atk|1\n|-boost|p1b: Annihilape|def|1\n|move|p1a: Gyarados|Waterfall|p2b: Chi-Yu\n|-supereffective|p2b: Chi-Yu\n|-damage|p2b: Chi-Yu|0 fnt\n|faint|p2b: Chi-Yu\n|\n|-weather|Snow|[upkeep]\n|-heal|p1b: Annihilape|43\/100|[from] item: Leftovers\n|upkeep\n|\n|t:|1683906451\n|switch|p2b: Great Tusk|Great Tusk, L50|18\/100\n|turn|4\n|\n|t:|1683906460\n|move|p1b: Annihilape|Protect|p1b: Annihilape\n|-singleturn|p1b: Annihilape|Protect\n|move|p2b: Great Tusk|Headlong Rush|p1b: Annihilape\n|-activate|p1b: Annihilape|move: Protect\n|move|p2a: Baxcalibur|Glaive Rush|p1a: Gyarados\n|-damage|p1a: Gyarados|16\/100\n|-singlemove|p2a: Baxcalibur|Glaive Rush|[silent]\n|-enditem|p1a: Gyarados|Aguav Berry|[eat]\n|-heal|p1a: Gyarados|49\/100|[from] item: Aguav Berry\n|move|p1a: Gyarados|Waterfall|p2b: Great Tusk\n|-supereffective|p2b: Great Tusk\n|-damage|p2b: Great Tusk|0 fnt\n|faint|p2b: Great Tusk\n|-end|p2b: Great Tusk|Protosynthesis|[silent]\n|\n|-weather|Snow|[upkeep]\n|-heal|p1b: Annihilape|49\/100|[from] item: Leftovers\n|upkeep\n|\n|t:|1683906475\n|switch|p2b: Murkrow|Murkrow, L50, F|100\/100\n|turn|5\n|inactive|yasumura24321 has 30 seconds left.\n|\n|t:|1683906508\n|switch|p1a: Maushold|Maushold-Four, L50|100\/100\n|move|p2a: Baxcalibur|Protect|p2a: Baxcalibur\n|-singleturn|p2a: Baxcalibur|Protect\n|move|p2b: Murkrow|Tailwind|p2b: Murkrow\n|-sidestart|p2: yasumura24321|move: Tailwind\n|move|p1b: Annihilape|Drain Punch|p2a: Baxcalibur\n|-activate|p2a: Baxcalibur|move: Protect\n|\n|-weather|Snow|[upkeep]\n|-heal|p1b: Annihilape|56\/100|[from] item: Leftovers\n|upkeep\n|turn|6\n|-message|yasumura24321 forfeited.\n|\n|win|qunqun24\n|raw|qunqun24's rating: 1312 → 1333<\/strong> (+21 for winning)\n|raw|yasumura24321's rating: 1321 → 1300<\/strong> (-21 for losing)\n|l|\u203dyasumura24321\n","uploadtime":1683906523,"views":10,"p1id":"qunqun24","p2id":"yasumura24321","formatid":"gen9vgc2023regulationc","rating":1300,"private":0,"password":""}