{"id":"gen9vgc2023regulationc-1863405256","p1":"Sisjsnsjsjen","p2":"bhujuh","format":"[Gen 9] VGC 2023 Regulation C","log":"|j|\u2606Sisjsnsjsjen\n|j|\u2606bhujuh\n|t:|1684012811\n|gametype|doubles\n|player|p1|Sisjsnsjsjen|266|1070\n|player|p2|bhujuh|lucas|1169\n|teamsize|p1|6\n|teamsize|p2|6\n|gen|9\n|tier|[Gen 9] VGC 2023 Regulation C\n|rated|\n|rule|Species Clause: Limit one of each Pok\u00e9mon\n|rule|Item Clause: Limit one of each item\n|clearpoke\n|poke|p1|Garganacl, L50, F|\n|poke|p1|Glimmora, L50, M|\n|poke|p1|Iron Bundle, L50|\n|poke|p1|Gyarados, L50, M|\n|poke|p1|Amoonguss, L50, F|\n|poke|p1|Iron Hands, L50|\n|poke|p2|Arcanine, L50, F|\n|poke|p2|Flutter Mane, L50|\n|poke|p2|Marill, L50, M|\n|poke|p2|Gothitelle, L50, M|\n|poke|p2|Amoonguss, L50, M|\n|poke|p2|Palafin, L50, F|\n|teampreview|4\n|inactive|Battle timer is ON: inactive players will automatically lose when time's up. (requested by Sisjsnsjsjen)\nbhujuh has agreed to open team sheets.\n|inactive|Sisjsnsjsjen has 60 seconds left.\n|\n|t:|1684012850\n|start\n|switch|p1a: Garganacl|Garganacl, L50, F|100\/100\n|switch|p1b: Iron Hands|Iron Hands, L50|100\/100\n|switch|p2a: Flutter Mane|Flutter Mane, L50|100\/100\n|switch|p2b: Gothitelle|Gothitelle, L50, M|100\/100\n|turn|1\n|\n|t:|1684012865\n|-terastallize|p1a: Garganacl|Ghost\n|move|p2b: Gothitelle|Fake Out|p1a: Garganacl\n|-immune|p1a: Garganacl\n|move|p1b: Iron Hands|Fake Out|p2b: Gothitelle\n|-damage|p2b: Gothitelle|84\/100\n|move|p2a: Flutter Mane|Perish Song|p2a: Flutter Mane\n|-start|p1a: Garganacl|perish3|[silent]\n|-start|p1b: Iron Hands|perish3|[silent]\n|-start|p2a: Flutter Mane|perish3|[silent]\n|-start|p2b: Gothitelle|perish3|[silent]\n|-fieldactivate|move: Perish Song\n|move|p1a: Garganacl|Substitute|p1a: Garganacl\n|-start|p1a: Garganacl|Substitute\n|-damage|p1a: Garganacl|76\/100\n|\n|-heal|p1a: Garganacl|82\/100|[from] item: Leftovers\n|-start|p2a: Flutter Mane|perish3\n|-start|p2b: Gothitelle|perish3\n|-start|p1b: Iron Hands|perish3\n|-start|p1a: Garganacl|perish3\n|upkeep\n|turn|2\n|\n|t:|1684012888\n|-end|p2a: Flutter Mane|Protosynthesis|[silent]\n|switch|p2a: Amoonguss|Amoonguss, L50, M, shiny|100\/100\n|move|p2b: Gothitelle|Protect|p2b: Gothitelle\n|-singleturn|p2b: Gothitelle|Protect\n|move|p1b: Iron Hands|Wild Charge|p2a: Amoonguss\n|-resisted|p2a: Amoonguss\n|-damage|p2a: Amoonguss|77\/100\n|-damage|p1b: Iron Hands|96\/100|[from] Recoil\n|move|p1a: Garganacl|Salt Cure|p2a: Amoonguss\n|-damage|p2a: Amoonguss|63\/100\n|-start|p2a: Amoonguss|Salt Cure\n|\n|-heal|p1a: Garganacl|87\/100|[from] item: Leftovers\n|-damage|p2a: Amoonguss|50\/100|[from] Salt Cure\n|-start|p2b: Gothitelle|perish2\n|-start|p1b: Iron Hands|perish2\n|-start|p1a: Garganacl|perish2\n|upkeep\n|turn|3\n|\n|t:|1684012907\n|move|p2a: Amoonguss|Rage Powder|p2a: Amoonguss\n|-singleturn|p2a: Amoonguss|move: Rage Powder\n|move|p2b: Gothitelle|Heal Pulse|p2a: Amoonguss\n|-heal|p2a: Amoonguss|100\/100\n|move|p1b: Iron Hands|Volt Switch|p2a: Amoonguss\n|-resisted|p2a: Amoonguss\n|-damage|p2a: Amoonguss|95\/100\n|\n|t:|1684012916\n|-end|p1b: Iron Hands|Quark Drive|[silent]\n|switch|p1b: Gyarados|Gyarados, L50, M|100\/100|[from] Volt Switch\n|-ability|p1b: Gyarados|Intimidate|boost\n|-unboost|p2a: Amoonguss|atk|1\n|-unboost|p2b: Gothitelle|atk|1\n|move|p1a: Garganacl|Salt Cure|p2a: Amoonguss\n|-damage|p2a: Amoonguss|83\/100\n|\n|-heal|p1a: Garganacl|93\/100|[from] item: Leftovers\n|-damage|p2a: Amoonguss|70\/100|[from] Salt Cure\n|-start|p2b: Gothitelle|perish1\n|-start|p1a: Garganacl|perish1\n|upkeep\n|turn|4\n|\n|t:|1684012931\n|switch|p2b: Marill|Marill, L50, M|100\/100\n|switch|p1a: Iron Hands|Iron Hands, L50|96\/100\n|move|p1b: Gyarados|Taunt|p2a: Amoonguss\n|-start|p2a: Amoonguss|move: Taunt\n|-enditem|p2a: Amoonguss|Mental Herb\n|-end|p2a: Amoonguss|move: Taunt\n|move|p2a: Amoonguss|Spore|p1b: Gyarados\n|-activate|p1b: Gyarados|item: Safety Goggles|Spore\n|\n|-damage|p2a: Amoonguss|58\/100|[from] Salt Cure\n|upkeep\n|turn|5\n|\n|t:|1684012955\n|switch|p2a: Gothitelle|Gothitelle, L50, M|84\/100\n|move|p1a: Iron Hands|Fake Out|p2b: Marill\n|-damage|p2b: Marill|88\/100\n|move|p1b: Gyarados|Taunt|p2a: Gothitelle\n|-start|p2a: Gothitelle|move: Taunt\n|cant|p2b: Marill|flinch\n|\n|upkeep\n|turn|6\n|\n|t:|1684012974\n|-terastallize|p2b: Marill|Ground\n|move|p2a: Gothitelle|Fake Out|p1b: Gyarados\n|-damage|p1b: Gyarados|94\/100\n|cant|p1b: Gyarados|flinch\n|move|p1a: Iron Hands|Wild Charge|p2b: Marill\n|-immune|p2b: Marill\n|move|p2b: Marill|Perish Song|p2b: Marill\n|-start|p1a: Iron Hands|perish3|[silent]\n|-start|p1b: Gyarados|perish3|[silent]\n|-start|p2a: Gothitelle|perish3|[silent]\n|-start|p2b: Marill|perish3|[silent]\n|-fieldactivate|move: Perish Song\n|\n|-start|p1b: Gyarados|perish3\n|-start|p2a: Gothitelle|perish3\n|-start|p1a: Iron Hands|perish3\n|-start|p2b: Marill|perish3\n|upkeep\n|turn|7\n|\n|t:|1684012996\n|switch|p2a: Amoonguss|Amoonguss, L50, M, shiny|91\/100\n|move|p2b: Marill|Protect|p2b: Marill\n|-singleturn|p2b: Marill|Protect\n|move|p1b: Gyarados|Thunder Wave|p2a: Amoonguss\n|-status|p2a: Amoonguss|par\n|move|p1a: Iron Hands|Volt Switch|p2a: Amoonguss\n|-resisted|p2a: Amoonguss\n|-crit|p2a: Amoonguss\n|-damage|p2a: Amoonguss|84\/100 par\n|\n|t:|1684013007\n|-end|p1a: Iron Hands|Quark Drive|[silent]\n|switch|p1a: Garganacl|Garganacl, L50, F, tera:Ghost|93\/100|[from] Volt Switch\n|\n|-heal|p1a: Garganacl|99\/100|[from] item: Leftovers\n|-start|p1b: Gyarados|perish2\n|-start|p2b: Marill|perish2\n|upkeep\n|turn|8\n|inactive|Sisjsnsjsjen has 30 seconds left.\n|\n|t:|1684013035\n|switch|p2a: Gothitelle|Gothitelle, L50, M|84\/100\n|move|p1b: Gyarados|Waterfall|p2b: Marill\n|-supereffective|p2b: Marill\n|-damage|p2b: Marill|32\/100\n|move|p1a: Garganacl|Salt Cure|p2a: Gothitelle\n|-damage|p2a: Gothitelle|71\/100\n|-start|p2a: Gothitelle|Salt Cure\n|move|p2b: Marill|Perish Song|p2b: Marill\n|-start|p1a: Garganacl|perish3|[silent]\n|-start|p2a: Gothitelle|perish3|[silent]\n|-fieldactivate|move: Perish Song\n|\n|-heal|p1a: Garganacl|100\/100|[from] item: Leftovers\n|-damage|p2a: Gothitelle|58\/100|[from] Salt Cure\n|-start|p1b: Gyarados|perish1\n|-start|p2a: Gothitelle|perish3\n|-start|p1a: Garganacl|perish3\n|-start|p2b: Marill|perish1\n|upkeep\n|turn|9\n|inactive|Sisjsnsjsjen has 30 seconds left.\n|\n|t:|1684013061\n|switch|p2b: Amoonguss|Amoonguss, L50, M, shiny|100\/100 par\n|move|p2a: Gothitelle|Protect|p2a: Gothitelle\n|-singleturn|p2a: Gothitelle|Protect\n|move|p1b: Gyarados|Waterfall|p2b: Amoonguss\n|-resisted|p2b: Amoonguss\n|-damage|p2b: Amoonguss|85\/100 par\n|move|p1a: Garganacl|Salt Cure|p2b: Amoonguss\n|-damage|p2b: Amoonguss|70\/100 par\n|-start|p2b: Amoonguss|Salt Cure\n|\n|-damage|p2a: Gothitelle|46\/100|[from] Salt Cure\n|-damage|p2b: Amoonguss|57\/100 par|[from] Salt Cure\n|-start|p1b: Gyarados|perish0\n|-start|p2a: Gothitelle|perish2\n|faint|p1b: Gyarados\n|-start|p1a: Garganacl|perish2\n|upkeep\n|-enditem|p2a: Gothitelle|Sitrus Berry|[eat]\n|-heal|p2a: Gothitelle|71\/100|[from] item: Sitrus Berry\n|\n|t:|1684013067\n|switch|p1b: Iron Hands|Iron Hands, L50|96\/100\n|turn|10\n|\n|t:|1684013087\n|switch|p2a: Marill|Marill, L50, M, tera:Ground|32\/100\n|move|p1b: Iron Hands|Fake Out|p2a: Marill\n|-damage|p2a: Marill|20\/100\n|move|p1a: Garganacl|Salt Cure|p2b: Amoonguss\n|-damage|p2b: Amoonguss|42\/100 par\n|move|p2b: Amoonguss|Spore|p1b: Iron Hands\n|-status|p1b: Iron Hands|slp|[from] move: Spore\n|\n|-damage|p2b: Amoonguss|30\/100 par|[from] Salt Cure\n|-start|p1a: Garganacl|perish1\n|upkeep\n|turn|11\n|\n|t:|1684013102\n|switch|p1a: Iron Bundle|Iron Bundle, L50|100\/100\n|-enditem|p1a: Iron Bundle|Booster Energy\n|-activate|p1a: Iron Bundle|ability: Quark Drive|[fromitem]\n|-start|p1a: Iron Bundle|quarkdrivespe\n|switch|p2b: Gothitelle|Gothitelle, L50, M|71\/100\n|cant|p1b: Iron Hands|slp\n|move|p2a: Marill|Perish Song|p2a: Marill\n|-start|p1a: Iron Bundle|perish3|[silent]\n|-start|p1b: Iron Hands|perish3|[silent]\n|-start|p2a: Marill|perish3|[silent]\n|-start|p2b: Gothitelle|perish3|[silent]\n|-fieldactivate|move: Perish Song\n|\n|-start|p1a: Iron Bundle|perish3\n|-start|p2b: Gothitelle|perish3\n|-start|p1b: Iron Hands|perish3\n|-start|p2a: Marill|perish3\n|upkeep\n|turn|12\n|inactive|Sisjsnsjsjen has 30 seconds left.\n|\n|t:|1684013130\n|switch|p2a: Amoonguss|Amoonguss, L50, M, shiny|63\/100 par\n|move|p2b: Gothitelle|Fake Out|p1a: Iron Bundle\n|-damage|p1a: Iron Bundle|94\/100\n|cant|p1a: Iron Bundle|flinch\n|cant|p1b: Iron Hands|slp\n|\n|-start|p1a: Iron Bundle|perish2\n|-start|p2b: Gothitelle|perish2\n|-start|p1b: Iron Hands|perish2\n|upkeep\n|turn|13\n|\n|t:|1684013147\n|move|p2b: Gothitelle|Protect|p2b: Gothitelle\n|-singleturn|p2b: Gothitelle|Protect\n|move|p2a: Amoonguss|Protect|p2a: Amoonguss\n|-singleturn|p2a: Amoonguss|Protect\n|move|p1a: Iron Bundle|Freeze-Dry|p2a: Amoonguss\n|-activate|p2a: Amoonguss|move: Protect\n|cant|p1b: Iron Hands|slp\n|\n|-start|p1a: Iron Bundle|perish1\n|-start|p2b: Gothitelle|perish1\n|-start|p1b: Iron Hands|perish1\n|upkeep\n|turn|14\n|\n|t:|1684013164\n|switch|p2b: Marill|Marill, L50, M, tera:Ground|20\/100\n|move|p1a: Iron Bundle|Freeze-Dry|p2a: Amoonguss\n|-supereffective|p2a: Amoonguss\n|-damage|p2a: Amoonguss|2\/100 par\n|-curestatus|p1b: Iron Hands|slp|[msg]\n|move|p1b: Iron Hands|Volt Switch|p2b: Marill\n|-immune|p2b: Marill\n|move|p2a: Amoonguss|Pollen Puff|p2b: Marill\n|-heal|p2b: Marill|69\/100\n|\n|-start|p1a: Iron Bundle|perish0\n|-start|p1b: Iron Hands|perish0\n|upkeep\n|faint|p1a: Iron Bundle\n|-end|p1a: Iron Bundle|Quark Drive|[silent]\n|faint|p1b: Iron Hands\n|-end|p1b: Iron Hands|Quark Drive|[silent]\n|-message|Sisjsnsjsjen forfeited.\n|\n|win|bhujuh\n|raw|Sisjsnsjsjen's rating: 1070 → 1055<\/strong> (-15 for losing)\n|raw|bhujuh's rating: 1169 → 1187<\/strong> (+18 for winning)\n|l|\u2606Sisjsnsjsjen\n","uploadtime":1684013394,"views":12,"p1id":"sisjsnsjsjen","p2id":"bhujuh","formatid":"gen9vgc2023regulationc","rating":1055,"private":0,"password":""}