{"id":"gen9vgc2023regulationc-1863371695","p1":"keonspy","p2":"Linkles","format":"[Gen 9] VGC 2023 Regulation C","log":"|j|\u2606keonspy\n|j|\u2606Linkles\n|t:|1684008506\n|gametype|doubles\n|player|p1|keonspy|170|1191\n|player|p2|Linkles|102|1235\n|teamsize|p1|6\n|teamsize|p2|6\n|gen|9\n|tier|[Gen 9] VGC 2023 Regulation C\n|rated|\n|rule|Species Clause: Limit one of each Pok\u00e9mon\n|rule|Item Clause: Limit one of each item\n|clearpoke\n|poke|p1|Ting-Lu, L50|\n|poke|p1|Gothitelle, L50, F|\n|poke|p1|Scream Tail, L50|\n|poke|p1|Azumarill, L50, F|\n|poke|p1|Arcanine, L50, F|\n|poke|p1|Flutter Mane, L50|\n|poke|p2|Murkrow, L50, M|\n|poke|p2|Flutter Mane, L50|\n|poke|p2|Volcarona, L50, M|\n|poke|p2|Roaring Moon, L50|\n|poke|p2|Chi-Yu, L50|\n|poke|p2|Rotom-Heat, L50|\n|teampreview|4\n|inactive|Battle timer is ON: inactive players will automatically lose when time's up. (requested by keonspy)\n|inactive|keonspy has 60 seconds left.\n|inactive|Linkles has 60 seconds left.\nLinkles has agreed to open team sheets.\n|inactive|keonspy has 30 seconds left.\nkeonspy has agreed to open team sheets.\n|inactive|keonspy has 20 seconds left.\n|inactive|keonspy has 15 seconds left.\n|inactive|keonspy has 10 seconds left.\n|inactive|keonspy has 5 seconds left.\n|\n|t:|1684008593\n|start\n|switch|p1a: Gothitelle|Gothitelle, L50, F|100\/100\n|switch|p1b: Scream Tail|Scream Tail, L50|100\/100\n|switch|p2a: Murkrow|Murkrow, L50, M|100\/100\n|switch|p2b: Rotom|Rotom-Heat, L50|100\/100\n|-enditem|p1b: Scream Tail|Booster Energy\n|-activate|p1b: Scream Tail|ability: Protosynthesis|[fromitem]\n|-start|p1b: Scream Tail|protosynthesisspe\n|turn|1\n|\n|t:|1684008618\n|move|p1a: Gothitelle|Fake Out|p2b: Rotom\n|-damage|p2b: Rotom|92\/100\n|move|p2a: Murkrow|Sunny Day|p2a: Murkrow\n|-weather|SunnyDay\n|move|p1b: Scream Tail|Perish Song|p1b: Scream Tail\n|-start|p1a: Gothitelle|perish3|[silent]\n|-start|p1b: Scream Tail|perish3|[silent]\n|-start|p2a: Murkrow|perish3|[silent]\n|-start|p2b: Rotom|perish3|[silent]\n|-fieldactivate|move: Perish Song\n|cant|p2b: Rotom|flinch\n|\n|-weather|SunnyDay|[upkeep]\n|-start|p1b: Scream Tail|perish3\n|-start|p2b: Rotom|perish3\n|-start|p2a: Murkrow|perish3\n|-start|p1a: Gothitelle|perish3\n|upkeep\n|turn|2\n|inactive|keonspy has 30 seconds left.\n|inactive|keonspy has 20 seconds left.\n|\n|t:|1684008654\n|-end|p1b: Scream Tail|Protosynthesis|[silent]\n|switch|p1b: Azumarill|Azumarill, L50, F|100\/100\n|move|p1a: Gothitelle|Protect|p1a: Gothitelle\n|-singleturn|p1a: Gothitelle|Protect\n|move|p2a: Murkrow|Tailwind|p2a: Murkrow\n|-sidestart|p2: Linkles|move: Tailwind\n|move|p2b: Rotom|Volt Switch|p1a: Gothitelle\n|-activate|p1a: Gothitelle|move: Protect\n|\n|-weather|SunnyDay|[upkeep]\n|-start|p2b: Rotom|perish2\n|-start|p2a: Murkrow|perish2\n|-start|p1a: Gothitelle|perish2\n|upkeep\n|turn|3\n|inactive|keonspy has 30 seconds left.\n|inactive|keonspy has 20 seconds left.\n|\n|t:|1684008693\n|-terastallize|p1b: Azumarill|Ground\n|move|p2a: Murkrow|Thunder Wave|p1b: Azumarill\n|-immune|p1b: Azumarill\n|move|p2b: Rotom|Volt Switch|p1b: Azumarill\n|-immune|p1b: Azumarill\n|move|p1a: Gothitelle|Psyshock|p2b: Rotom\n|-damage|p2b: Rotom|58\/100\n|move|p1b: Azumarill|Sing|p2b: Rotom\n|-status|p2b: Rotom|slp|[from] move: Sing\n|\n|-weather|SunnyDay|[upkeep]\n|-start|p2b: Rotom|perish1\n|-start|p2a: Murkrow|perish1\n|-start|p1a: Gothitelle|perish1\n|upkeep\n|turn|4\n|\n|t:|1684008715\n|switch|p1a: Ting-Lu|Ting-Lu, L50|100\/100\n|-ability|p1a: Ting-Lu|Vessel of Ruin\n|move|p1b: Azumarill|Protect|p1b: Azumarill\n|-singleturn|p1b: Azumarill|Protect\n|move|p2a: Murkrow|Haze|p2a: Murkrow\n|-clearallboost\n|cant|p2b: Rotom|slp\n|\n|-weather|SunnyDay|[upkeep]\n|-start|p2b: Rotom|perish0\n|-start|p2a: Murkrow|perish0\n|faint|p2b: Rotom\n|faint|p2a: Murkrow\n|upkeep\n|inactive|Linkles has 30 seconds left.\n|\n|t:|1684008744\n|switch|p2b: Flutter Mane|Flutter Mane, L50|100\/100\n|switch|p2a: Volcarona|Volcarona, L50, M|100\/100\n|-activate|p2b: Flutter Mane|ability: Protosynthesis\n|-start|p2b: Flutter Mane|protosynthesisspa\n|turn|5\n|\n|t:|1684008755\n|move|p2b: Flutter Mane|Dazzling Gleam|p1b: Azumarill|[spread] p1a,p1b\n|-supereffective|p1a: Ting-Lu\n|-damage|p1a: Ting-Lu|57\/100\n|-damage|p1b: Azumarill|68\/100\n|move|p2a: Volcarona|Quiver Dance|p2a: Volcarona\n|-boost|p2a: Volcarona|spa|1\n|-boost|p2a: Volcarona|spd|1\n|-boost|p2a: Volcarona|spe|1\n|move|p1b: Azumarill|Perish Song|p1b: Azumarill\n|-start|p1a: Ting-Lu|perish3|[silent]\n|-start|p1b: Azumarill|perish3|[silent]\n|-start|p2a: Volcarona|perish3|[silent]\n|-start|p2b: Flutter Mane|perish3|[silent]\n|-fieldactivate|move: Perish Song\n|move|p1a: Ting-Lu|Snarl|p2b: Flutter Mane|[spread] p2a,p2b\n|-damage|p2a: Volcarona|95\/100\n|-damage|p2b: Flutter Mane|93\/100\n|-unboost|p2a: Volcarona|spa|1\n|-unboost|p2b: Flutter Mane|spa|1\n|\n|-weather|none\n|-end|p2b: Flutter Mane|Protosynthesis\n|-heal|p2b: Flutter Mane|99\/100|[from] item: Leftovers\n|-heal|p1a: Ting-Lu|63\/100|[from] item: Leftovers\n|-start|p2a: Volcarona|perish3\n|-start|p2b: Flutter Mane|perish3\n|-start|p1b: Azumarill|perish3\n|-start|p1a: Ting-Lu|perish3\n|-sideend|p2: Linkles|move: Tailwind\n|upkeep\n|turn|6\n|inactive|Linkles has 30 seconds left.\n|\n|t:|1684008789\n|move|p1b: Azumarill|Protect|p1b: Azumarill\n|-singleturn|p1b: Azumarill|Protect\n|move|p1a: Ting-Lu|Protect|p1a: Ting-Lu\n|-singleturn|p1a: Ting-Lu|Protect\n|move|p2a: Volcarona|Bug Buzz|p1a: Ting-Lu\n|-activate|p1a: Ting-Lu|move: Protect\n|move|p2b: Flutter Mane|Dazzling Gleam|p1b: Azumarill|[spread] \n|-activate|p1a: Ting-Lu|move: Protect\n|-activate|p1b: Azumarill|move: Protect\n|\n|-heal|p2b: Flutter Mane|100\/100|[from] item: Leftovers\n|-heal|p1a: Ting-Lu|69\/100|[from] item: Leftovers\n|-start|p2a: Volcarona|perish2\n|-start|p2b: Flutter Mane|perish2\n|-start|p1b: Azumarill|perish2\n|-start|p1a: Ting-Lu|perish2\n|upkeep\n|turn|7\n|\n|t:|1684008810\n|move|p2a: Volcarona|Bug Buzz|p1a: Ting-Lu\n|-supereffective|p1a: Ting-Lu\n|-damage|p1a: Ting-Lu|17\/100\n|move|p2b: Flutter Mane|Dazzling Gleam|p1a: Ting-Lu|[spread] p1a,p1b\n|-supereffective|p1a: Ting-Lu\n|-damage|p1a: Ting-Lu|0 fnt\n|-damage|p1b: Azumarill|54\/100\n|faint|p1a: Ting-Lu\n|move|p1b: Azumarill|Sing|p2a: Volcarona|[miss]\n|-miss|p1b: Azumarill|p2a: Volcarona\n|\n|-start|p2a: Volcarona|perish1\n|-start|p2b: Flutter Mane|perish1\n|-start|p1b: Azumarill|perish1\n|upkeep\n|\n|t:|1684008822\n|switch|p1a: Gothitelle|Gothitelle, L50, F|100\/100\n|turn|8\n|\n|t:|1684008830\n|move|p1b: Azumarill|Protect|p1b: Azumarill\n|-singleturn|p1b: Azumarill|Protect\n|move|p1a: Gothitelle|Fake Out|p2a: Volcarona\n|-damage|p2a: Volcarona|87\/100\n|cant|p2a: Volcarona|flinch\n|move|p2b: Flutter Mane|Dazzling Gleam|p1a: Gothitelle|[spread] p1a\n|-activate|p1b: Azumarill|move: Protect\n|-damage|p1a: Gothitelle|82\/100\n|\n|-start|p2a: Volcarona|perish0\n|-start|p2b: Flutter Mane|perish0\n|-start|p1b: Azumarill|perish0\n|faint|p2a: Volcarona\n|faint|p2b: Flutter Mane\n|-end|p2b: Flutter Mane|Protosynthesis|[silent]\n|faint|p1b: Azumarill\n|\n|win|keonspy\n|upkeep\n|raw|keonspy's rating: 1191 → 1219<\/strong> (+28 for winning)\n|raw|Linkles's rating: 1235 → 1207<\/strong> (-28 for losing)\n|l|\u2606Linkles\n","uploadtime":1684008844,"views":25,"p1id":"keonspy","p2id":"linkles","formatid":"gen9vgc2023regulationc","rating":1207,"private":0,"password":""}