{"id":"gen9vgc2023regulationc-1853003042","p1":"kricketot marx","p2":"creamsweet","format":"[Gen 9] VGC 2023 Regulation C","log":"|j|\u2606kricketot marx\n|j|\u2606creamsweet\n|t:|1682624698\n|gametype|doubles\n|player|p1|kricketot marx|flannery|1118\n|player|p2|creamsweet|170|1129\n|teamsize|p1|6\n|teamsize|p2|6\n|gen|9\n|tier|[Gen 9] VGC 2023 Regulation C\n|rated|\n|rule|Species Clause: Limit one of each Pok\u00e9mon\n|rule|Item Clause: Limit one of each item\n|clearpoke\n|poke|p1|Kingambit, L50, M|\n|poke|p1|Flutter Mane, L50|\n|poke|p1|Scream Tail, L50|\n|poke|p1|Corviknight, L50, M|\n|poke|p1|Baxcalibur, L50, M|\n|poke|p1|Rotom-Wash, L50|\n|poke|p2|Garchomp, L50, F|\n|poke|p2|Tyranitar, L50, M|\n|poke|p2|Wo-Chien, L50|\n|poke|p2|Amoonguss, L50, F|\n|poke|p2|Blissey, L50, F|\n|poke|p2|Glimmora, L50, F|\n|teampreview|4\nkricketot marx has agreed to open team sheets.\ncreamsweet rejected open team sheets.\n|\n|t:|1682624776\n|start\n|switch|p1a: Corviknight|Corviknight, L50, M, shiny|100\/100\n|switch|p1b: Baxcalibur|Baxcalibur, L50, M|100\/100\n|switch|p2a: Tyranitar|Tyranitar, L50, M|100\/100\n|switch|p2b: Garchomp|Garchomp, L50, F|100\/100\n|-weather|Sandstorm|[from] ability: Sand Stream|[of] p2a: Tyranitar\n|turn|1\n|\n|t:|1682624797\n|move|p2b: Garchomp|Protect|p2b: Garchomp\n|-singleturn|p2b: Garchomp|Protect\n|move|p1b: Baxcalibur|Protect|p1b: Baxcalibur\n|-singleturn|p1b: Baxcalibur|Protect\n|move|p1a: Corviknight|Tailwind|p1a: Corviknight\n|-sidestart|p1: kricketot marx|move: Tailwind\n|move|p2a: Tyranitar|Stone Edge|p1b: Baxcalibur\n|-activate|p1b: Baxcalibur|move: Protect\n|\n|-weather|Sandstorm|[upkeep]\n|-damage|p1b: Baxcalibur|95\/100|[from] Sandstorm\n|upkeep\n|turn|2\n|\n|t:|1682624861\n|switch|p1a: Kingambit|Kingambit, L50, M|100\/100\n|switch|p2b: Wo-Chien|Wo-Chien, L50|100\/100\n|-ability|p2b: Wo-Chien|Tablets of Ruin\n|move|p1b: Baxcalibur|Icicle Spear|p2b: Wo-Chien\n|-supereffective|p2b: Wo-Chien\n|-damage|p2b: Wo-Chien|82\/100\n|-supereffective|p2b: Wo-Chien\n|-damage|p2b: Wo-Chien|62\/100\n|-supereffective|p2b: Wo-Chien\n|-damage|p2b: Wo-Chien|42\/100\n|-supereffective|p2b: Wo-Chien\n|-damage|p2b: Wo-Chien|22\/100\n|-enditem|p2b: Wo-Chien|Mago Berry|[eat]\n|-heal|p2b: Wo-Chien|56\/100|[from] item: Mago Berry\n|-supereffective|p2b: Wo-Chien\n|-damage|p2b: Wo-Chien|37\/100\n|-hitcount|p2b: Wo-Chien|5\n|move|p2a: Tyranitar|Stone Edge|p1b: Baxcalibur\n|-supereffective|p1b: Baxcalibur\n|-damage|p1b: Baxcalibur|13\/100\n|\n|-weather|Sandstorm|[upkeep]\n|-damage|p1b: Baxcalibur|7\/100|[from] Sandstorm\n|-damage|p2b: Wo-Chien|31\/100|[from] Sandstorm\n|upkeep\n|turn|3\n|\n|t:|1682624890\n|move|p2b: Wo-Chien|Protect|p2b: Wo-Chien\n|-singleturn|p2b: Wo-Chien|Protect\n|move|p1b: Baxcalibur|Icicle Spear|p2b: Wo-Chien\n|-activate|p2b: Wo-Chien|move: Protect\n|move|p1a: Kingambit|Low Kick|p2a: Tyranitar\n|-supereffective|p2a: Tyranitar\n|-damage|p2a: Tyranitar|0 fnt\n|faint|p2a: Tyranitar\n|\n|-weather|Sandstorm|[upkeep]\n|-damage|p1b: Baxcalibur|1\/100|[from] Sandstorm\n|-damage|p2b: Wo-Chien|24\/100|[from] Sandstorm\n|upkeep\n|inactive|Battle timer is ON: inactive players will automatically lose when time's up. (requested by kricketot marx)\n|\n|t:|1682624927\n|switch|p2a: Blissey|Blissey, L50, F, shiny|100\/100\n|turn|4\n|\n|t:|1682624942\n|-terastallize|p2b: Wo-Chien|Fairy\n|move|p2a: Blissey|Protect|p2a: Blissey\n|-singleturn|p2a: Blissey|Protect\n|move|p1b: Baxcalibur|Icicle Spear|p2b: Wo-Chien\n|-crit|p2b: Wo-Chien\n|-damage|p2b: Wo-Chien|10\/100\n|-damage|p2b: Wo-Chien|0 fnt\n|faint|p2b: Wo-Chien\n|-hitcount|p2: Wo-Chien|2\n|move|p1a: Kingambit|Kowtow Cleave|p2a: Blissey\n|-activate|p2a: Blissey|move: Protect\n|\n|-weather|Sandstorm|[upkeep]\n|-damage|p1b: Baxcalibur|0 fnt|[from] Sandstorm\n|-damage|p2a: Blissey|94\/100|[from] Sandstorm\n|faint|p1b: Baxcalibur\n|-heal|p2a: Blissey|100\/100|[from] item: Leftovers\n|-sideend|p1: kricketot marx|move: Tailwind\n|upkeep\n|\n|t:|1682624951\n|switch|p1b: Scream Tail|Scream Tail, L50, shiny|100\/100\n|switch|p2b: Garchomp|Garchomp, L50, F|100\/100\n|-enditem|p1b: Scream Tail|Booster Energy\n|-activate|p1b: Scream Tail|ability: Protosynthesis|[fromitem]\n|-start|p1b: Scream Tail|protosynthesisspe\n|turn|5\n|\n|t:|1682624973\n|switch|p1a: Corviknight|Corviknight, L50, M, shiny|100\/100\n|move|p1b: Scream Tail|Encore|p2a: Blissey\n|-start|p2a: Blissey|Encore\n|move|p2b: Garchomp|Swords Dance|p2b: Garchomp\n|-boost|p2b: Garchomp|atk|2\n|move|p2a: Blissey|Protect||[still]\n|-fail|p2a: Blissey\n|\n|-weather|none\n|upkeep\n|turn|6\n|inactive|creamsweet has 30 seconds left.\n|inactive|creamsweet has 20 seconds left.\n|inactive|creamsweet has 15 seconds left.\n|inactive|creamsweet has 10 seconds left.\n|inactive|creamsweet has 5 seconds left.\n|\n|t:|1682625028\n|move|p2a: Blissey|Protect|p2a: Blissey\n|-singleturn|p2a: Blissey|Protect\n|move|p1b: Scream Tail|Encore|p2b: Garchomp|[miss]\n|-miss|p1b: Scream Tail|p2b: Garchomp\n|move|p2b: Garchomp|Swords Dance|p2b: Garchomp\n|-boost|p2b: Garchomp|atk|2\n|move|p1a: Corviknight|Brave Bird|p2b: Garchomp\n|-damage|p2b: Garchomp|65\/100\n|-damage|p1a: Corviknight|89\/100|[from] Recoil\n|\n|upkeep\n|turn|7\n|inactive|creamsweet has 30 seconds left.\n|inactive|creamsweet has 20 seconds left.\n|inactive|creamsweet has 15 seconds left.\n|inactive|creamsweet has 10 seconds left.\n|inactive|creamsweet has 5 seconds left.\n|\n|t:|1682625083\n|move|p2a: Blissey|Protect||[still]\n|-fail|p2a: Blissey\n|move|p1b: Scream Tail|Encore|p2b: Garchomp\n|-start|p2b: Garchomp|Encore\n|move|p2b: Garchomp|Swords Dance|p2b: Garchomp\n|-boost|p2b: Garchomp|atk|2\n|move|p1a: Corviknight|Brave Bird|p2b: Garchomp\n|-damage|p2b: Garchomp|28\/100\n|-damage|p1a: Corviknight|77\/100|[from] Recoil\n|\n|-end|p2a: Blissey|Encore\n|upkeep\n|turn|8\n|\n|t:|1682625098\n|move|p2a: Blissey|Protect|p2a: Blissey\n|-singleturn|p2a: Blissey|Protect\n|move|p1b: Scream Tail|Encore|p2a: Blissey\n|-activate|p2a: Blissey|move: Protect\n|move|p2b: Garchomp|Swords Dance|p2b: Garchomp\n|-boost|p2b: Garchomp|atk|0\n|move|p1a: Corviknight|Brave Bird|p2b: Garchomp\n|-damage|p2b: Garchomp|0 fnt\n|faint|p2b: Garchomp\n|-damage|p1a: Corviknight|69\/100|[from] Recoil\n|\n|upkeep\n|turn|9\n|\n|t:|1682625107\n|switch|p1a: Kingambit|Kingambit, L50, M|100\/100\n|move|p1b: Scream Tail|Encore|p2a: Blissey\n|-start|p2a: Blissey|Encore\n|move|p2a: Blissey|Protect||[still]\n|-fail|p2a: Blissey\n|\n|upkeep\n|turn|10\n|-message|creamsweet forfeited.\n|\n|win|kricketot marx\n|raw|kricketot marx's rating: 1118 → 1144<\/strong> (+26 for winning)\n|raw|creamsweet's rating: 1129 → 1103<\/strong> (-26 for losing)\n|l|\u2606creamsweet\n","uploadtime":1682625132,"views":10,"p1id":"kricketotmarx","p2id":"creamsweet","formatid":"gen9vgc2023regulationc","rating":1103,"private":0,"password":""}