{"id":"gen9vgc2023regulationc-1859091463","p1":"jayballester","p2":"QuoiseSSBM","format":"[Gen 9] VGC 2023 Regulation C","log":"|j|\u2606jayballester\n|j|\u2606QuoiseSSBM\n|t:|1683403373\n|gametype|doubles\n|player|p1|jayballester|riley|\n|player|p2|QuoiseSSBM|cynthia|\n|teamsize|p1|6\n|teamsize|p2|6\n|gen|9\n|tier|[Gen 9] VGC 2023 Regulation C\n|rule|Species Clause: Limit one of each Pok\u00e9mon\n|rule|Item Clause: Limit one of each item\n|clearpoke\n|poke|p1|Great Tusk, L50|\n|poke|p1|Volcarona, L50, F|\n|poke|p1|Salamence, L50, F|\n|poke|p1|Oranguru, L50, M|\n|poke|p1|Murkrow, L50, F|\n|poke|p1|Sylveon, L50, F|\n|poke|p2|Dragonite, L50, F|\n|poke|p2|Wo-Chien, L50|\n|poke|p2|Dondozo, L50, F|\n|poke|p2|Tatsugiri-Droopy, L50, F|\n|poke|p2|Glimmora, L50, F|\n|poke|p2|Tinkaton, L50, F|\n|teampreview|4\n|inactive|Battle timer is ON: inactive players will automatically lose when time's up. (requested by QuoiseSSBM)\n|inactive|jayballester has 60 seconds left.\n|inactive|QuoiseSSBM has 60 seconds left.\n|j| F3athers\n|\n|t:|1683403420\n|start\n|switch|p1a: Mothra's GF|Volcarona, L50, F|100\/100\n|switch|p1b: Mence > Moon|Salamence, L50, F|100\/100\n|switch|p2a: king geedorah|Dragonite, L50, F, shiny|100\/100\n|switch|p2b: maria|Tinkaton, L50, F|100\/100\n|-ability|p2b: maria|Mold Breaker\n|-ability|p1b: Mence > Moon|Intimidate|boost\n|-unboost|p2a: king geedorah|atk|1\n|-unboost|p2b: maria|atk|1\n|turn|1\n|c|\u2606jayballester|WHERE'S BRELOOM\n|inactive|jayballester has 30 seconds left.\n|inactive|QuoiseSSBM has 30 seconds left.\n|\n|t:|1683403449\n|-terastallize|p1b: Mence > Moon|Ghost\n|move|p2b: maria|Fake Out|p1b: Mence > Moon\n|-immune|p1b: Mence > Moon\n|move|p1b: Mence > Moon|Substitute|p1b: Mence > Moon\n|-start|p1b: Mence > Moon|Substitute\n|-damage|p1b: Mence > Moon|76\/100\n|move|p1a: Mothra's GF|Will-O-Wisp|p2a: king geedorah\n|-status|p2a: king geedorah|brn\n|move|p2a: king geedorah|Ice Spinner|p1b: Mence > Moon\n|-activate|p1b: Mence > Moon|move: Substitute|[damage]\n|\n|-heal|p1b: Mence > Moon|82\/100|[from] item: Leftovers\n|-damage|p2a: king geedorah|95\/100 brn|[from] brn\n|upkeep\n|turn|2\n|j| Jstardude\n|inactive|QuoiseSSBM has 30 seconds left.\n|inactive|QuoiseSSBM has 20 seconds left.\n|inactive|QuoiseSSBM has 15 seconds left.\n|inactive|QuoiseSSBM has 10 seconds left.\n|c| F3athers|why do you guys have timer on\n|inactiveoff|Battle timer is now OFF.\n|c|\u2606jayballester|idk it aint mine\n|\n|t:|1683403507\n|switch|p2a: these walls|Dondozo, L50, F|100\/100\n|move|p1a: Mothra's GF|Rage Powder|p1a: Mothra's GF\n|-singleturn|p1a: Mothra's GF|move: Rage Powder\n|move|p2b: maria|Knock Off|p1a: Mothra's GF\n|-damage|p1a: Mothra's GF|84\/100\n|-status|p2b: maria|brn|[from] ability: Flame Body|[of] p1a: Mothra's GF\n|-enditem|p1a: Mothra's GF|Sitrus Berry|[from] move: Knock Off|[of] p2b: maria\n|move|p1b: Mence > Moon|Dragon Dance|p1b: Mence > Moon\n|-boost|p1b: Mence > Moon|atk|1\n|-boost|p1b: Mence > Moon|spe|1\n|\n|-heal|p1b: Mence > Moon|88\/100|[from] item: Leftovers\n|-damage|p2b: maria|94\/100 brn|[from] brn\n|upkeep\n|turn|3\n|\n|t:|1683403532\n|switch|p2b: king geedorah|Dragonite, L50, F, shiny|95\/100 brn\n|move|p1b: Mence > Moon|Dual Wingbeat|p2a: these walls\n|-damage|p2a: these walls|83\/100\n|-damage|p2a: these walls|66\/100\n|-hitcount|p2a: these walls|2\n|move|p1a: Mothra's GF|Will-O-Wisp|p2a: these walls\n|-status|p2a: these walls|brn\n|move|p2a: these walls|Substitute|p2a: these walls\n|-start|p2a: these walls|Substitute\n|-damage|p2a: these walls|41\/100 brn\n|\n|-heal|p1b: Mence > Moon|93\/100|[from] item: Leftovers\n|-damage|p2b: king geedorah|89\/100 brn|[from] brn\n|-damage|p2a: these walls|35\/100 brn|[from] brn\n|upkeep\n|turn|4\n|\n|t:|1683403558\n|move|p1b: Mence > Moon|Dual Wingbeat|p2b: king geedorah\n|-damage|p2b: king geedorah|51\/100 brn\n|-damage|p2b: king geedorah|16\/100 brn\n|-hitcount|p2b: king geedorah|2\n|move|p1a: Mothra's GF|Giga Drain|p2a: these walls\n|-supereffective|p2a: these walls\n|-end|p2a: these walls|Substitute\n|-heal|p1a: Mothra's GF|99\/100|[from] drain|[of] p2a: these walls\n|move|p2b: king geedorah|Aerial Ace|p1a: Mothra's GF\n|-supereffective|p1a: Mothra's GF\n|-damage|p1a: Mothra's GF|50\/100\n|move|p2a: these walls|Rest|p2a: these walls\n|-status|p2a: these walls|slp|[from] move: Rest\n|-heal|p2a: these walls|100\/100 slp|[silent]\n|-enditem|p2a: these walls|Chesto Berry|[eat]\n|-curestatus|p2a: these walls|slp|[msg]\n|\n|-heal|p1b: Mence > Moon|99\/100|[from] item: Leftovers\n|-damage|p2b: king geedorah|10\/100 brn|[from] brn\n|upkeep\n|turn|5\n|\n|t:|1683403590\n|-terastallize|p2a: these walls|Fire\n|move|p1b: Mence > Moon|Dual Wingbeat|p2b: king geedorah\n|-damage|p2b: king geedorah|0 fnt\n|faint|p2b: king geedorah\n|-hitcount|p2: king geedorah|1\n|move|p1a: Mothra's GF|Will-O-Wisp|p2a: these walls|[miss]\n|-miss|p1a: Mothra's GF|p2a: these walls\n|move|p2a: these walls|Wave Crash|p1a: Mothra's GF\n|-supereffective|p1a: Mothra's GF\n|-damage|p1a: Mothra's GF|0 fnt\n|faint|p1a: Mothra's GF\n|-damage|p2a: these walls|88\/100|[from] Recoil\n|\n|-heal|p1b: Mence > Moon|100\/100|[from] item: Leftovers\n|upkeep\n|\n|t:|1683403607\n|switch|p1a: Jesper|Murkrow, L50, F|100\/100\n|switch|p2b: maria|Tinkaton, L50, F|94\/100 brn\n|-ability|p2b: maria|Mold Breaker\n|turn|6\n|j| riseofkingdomsadd\n|\n|t:|1683403637\n|move|p2b: maria|Fake Out|p1a: Jesper\n|-damage|p1a: Jesper|95\/100\n|cant|p1a: Jesper|flinch\n|move|p1b: Mence > Moon|Earthquake|p2a: these walls|[spread] p2a,p2b\n|-immune|p1a: Jesper\n|-supereffective|p2a: these walls\n|-supereffective|p2b: maria\n|-enditem|p2b: maria|Shuca Berry|[eat]\n|-enditem|p2b: maria|Shuca Berry|[weaken]\n|-damage|p2a: these walls|49\/100\n|-damage|p2b: maria|30\/100 brn\n|move|p2a: these walls|Substitute|p2a: these walls\n|-start|p2a: these walls|Substitute\n|-damage|p2a: these walls|24\/100\n|\n|-damage|p2b: maria|23\/100 brn|[from] brn\n|upkeep\n|turn|7\n|\n|t:|1683403661\n|move|p1a: Jesper|Taunt|p2a: these walls\n|-start|p2a: these walls|move: Taunt\n|move|p1b: Mence > Moon|Earthquake|p2a: these walls|[spread] p2a,p2b\n|-immune|p1a: Jesper\n|-supereffective|p2a: these walls\n|-end|p2a: these walls|Substitute\n|-supereffective|p2b: maria\n|-damage|p2b: maria|0 fnt\n|faint|p2b: maria\n|cant|p2a: these walls|move: Taunt|Substitute\n|\n|upkeep\n|\n|t:|1683403667\n|switch|p2b: eat men eat|Tatsugiri-Droopy, L50, F, shiny|100\/100\n|-activate|p2b: eat men eat|ability: Commander|[of] p2a: these walls\n|-boost|p2a: these walls|atk|2\n|-boost|p2a: these walls|spa|2\n|-boost|p2a: these walls|spe|2\n|-boost|p2a: these walls|def|2\n|-boost|p2a: these walls|spd|2\n|turn|8\n|\n|t:|1683403679\n|move|p1a: Jesper|Haze|p1a: Jesper\n|-clearallboost\n|move|p1b: Mence > Moon|Earthquake|p2b: eat men eat|[spread] p2a\n|-miss|p1b: Mence > Moon|p2b: eat men eat\n|-immune|p1a: Jesper\n|-supereffective|p2a: these walls\n|-damage|p2a: these walls|0 fnt\n|faint|p2a: these walls\n|\n|upkeep\n|turn|9\n|\n|t:|1683403693\n|move|p1a: Jesper|Thunder Wave|p2b: eat men eat|[miss]\n|-miss|p1a: Jesper|p2b: eat men eat\n|move|p2b: eat men eat|Icy Wind|p1a: Jesper|[spread] p1a,p1b\n|-end|p1b: Mence > Moon|Substitute\n|-supereffective|p1a: Jesper\n|-damage|p1a: Jesper|68\/100\n|-unboost|p1a: Jesper|spe|1\n|move|p1b: Mence > Moon|Dual Wingbeat|p2b: eat men eat\n|-damage|p2b: eat men eat|59\/100\n|-damage|p2b: eat men eat|15\/100\n|-hitcount|p2b: eat men eat|2\n|\n|upkeep\n|turn|10\n|\n|t:|1683403707\n|move|p1a: Jesper|Thunder Wave|p2b: eat men eat\n|-status|p2b: eat men eat|par\n|move|p1b: Mence > Moon|Earthquake|p2b: eat men eat|[spread] p2b\n|-immune|p1a: Jesper\n|-damage|p2b: eat men eat|0 fnt\n|faint|p2b: eat men eat\n|\n|win|jayballester\n|l|\u2606QuoiseSSBM\n|c|\u2606jayballester|gg\n","uploadtime":1683403716,"views":22,"p1id":"jayballester","p2id":"quoisessbm","formatid":"gen9vgc2023regulationc","rating":0,"private":0,"password":""}