{"id":"gen9vgc2023regulationc-1863776026","p1":"ChimpSkylark","p2":"cenizard","format":"[Gen 9] VGC 2023 Regulation C","log":"|j|\u2606ChimpSkylark\n|j|\u2606cenizard\n|t:|1684075258\n|gametype|doubles\n|player|p1|ChimpSkylark|1|1448\n|player|p2|cenizard|1|1362\n|teamsize|p1|6\n|teamsize|p2|6\n|gen|9\n|tier|[Gen 9] VGC 2023 Regulation C\n|rated|\n|rule|Species Clause: Limit one of each Pok\u00e9mon\n|rule|Item Clause: Limit one of each item\n|clearpoke\n|poke|p1|Skeledirge, L50, M|\n|poke|p1|Maushold-Four, L50|\n|poke|p1|Iron Hands, L50|\n|poke|p1|Iron Bundle, L50|\n|poke|p1|Slowking, L50, F|\n|poke|p1|Great Tusk, L50|\n|poke|p2|Maushold-Four, L50|\n|poke|p2|Annihilape, L50, M|\n|poke|p2|Chien-Pao, L50|\n|poke|p2|Dragonite, L50, M|\n|poke|p2|Gastrodon-East, L50, M|\n|poke|p2|Arcanine, L50, F|\n|teampreview|4\n|inactive|Battle timer is ON: inactive players will automatically lose when time's up. (requested by cenizard)\ncenizard has agreed to open team sheets.\n|inactive|ChimpSkylark has 60 seconds left.\n|inactive|cenizard has 60 seconds left.\n|inactive|ChimpSkylark has 30 seconds left.\n|inactive|ChimpSkylark has 20 seconds left.\n|inactive|ChimpSkylark has 15 seconds left.\n|inactive|ChimpSkylark has 10 seconds left.\n|inactive|ChimpSkylark has 5 seconds left.\n|\n|t:|1684075348\n|start\n|switch|p1a: Maushold|Maushold-Four, L50|100\/100\n|switch|p1b: Skeledirge|Skeledirge, L50, M|100\/100\n|switch|p2a: Maushold|Maushold-Four, L50|100\/100\n|switch|p2b: Annihilape|Annihilape, L50, M, shiny|100\/100\n|turn|1\n|\n|t:|1684075364\n|move|p2a: Maushold|Follow Me|p2a: Maushold\n|-singleturn|p2a: Maushold|move: Follow Me\n|move|p1a: Maushold|Follow Me|p1a: Maushold\n|-singleturn|p1a: Maushold|move: Follow Me\n|move|p2b: Annihilape|Bulk Up|p2b: Annihilape\n|-boost|p2b: Annihilape|atk|1\n|-boost|p2b: Annihilape|def|1\n|move|p1b: Skeledirge|Torch Song|p2a: Maushold\n|-damage|p2a: Maushold|57\/100\n|-boost|p1b: Skeledirge|spa|1\n|\n|upkeep\n|turn|2\n|\n|t:|1684075381\n|-terastallize|p2b: Annihilape|Fire\n|move|p2a: Maushold|Follow Me|p2a: Maushold\n|-singleturn|p2a: Maushold|move: Follow Me\n|move|p1a: Maushold|Follow Me|p1a: Maushold\n|-singleturn|p1a: Maushold|move: Follow Me\n|move|p2b: Annihilape|Drain Punch|p1a: Maushold\n|-supereffective|p1a: Maushold\n|-enditem|p1a: Maushold|Focus Sash\n|-damage|p1a: Maushold|1\/100\n|move|p1b: Skeledirge|Torch Song|p2a: Maushold\n|-damage|p2a: Maushold|0 fnt\n|-boost|p1b: Skeledirge|spa|1\n|faint|p2a: Maushold\n|\n|upkeep\n|\n|t:|1684075395\n|switch|p2a: Dragonite|Dragonite, L50, M|100\/100\n|turn|3\n|\n|t:|1684075414\n|move|p2a: Dragonite|Extreme Speed|p1a: Maushold\n|-crit|p1a: Maushold\n|-damage|p1a: Maushold|0 fnt\n|faint|p1a: Maushold\n|move|p2b: Annihilape|Rage Fist|p1b: Skeledirge\n|-supereffective|p1b: Skeledirge\n|-damage|p1b: Skeledirge|65\/100\n|move|p1b: Skeledirge|Torch Song|p2a: Dragonite\n|-resisted|p2a: Dragonite\n|-damage|p2a: Dragonite|84\/100\n|-boost|p1b: Skeledirge|spa|1\n|\n|-heal|p1b: Skeledirge|71\/100|[from] item: Leftovers\n|upkeep\n|\n|t:|1684075434\n|switch|p1a: Slowking|Slowking, L50, F|100\/100\n|turn|4\n|\n|t:|1684075446\n|move|p2a: Dragonite|Extreme Speed|p1a: Slowking\n|-damage|p1a: Slowking|62\/100\n|move|p2b: Annihilape|Bulk Up|p2b: Annihilape\n|-boost|p2b: Annihilape|atk|1\n|-boost|p2b: Annihilape|def|1\n|move|p1b: Skeledirge|Torch Song|p2a: Dragonite\n|-resisted|p2a: Dragonite\n|-damage|p2a: Dragonite|42\/100\n|-boost|p1b: Skeledirge|spa|1\n|move|p1a: Slowking|Chilly Reception|p1a: Slowking\n|-weather|Snow\n|\n|t:|1684075459\n|switch|p1a: Iron Bundle|Iron Bundle, L50|100\/100|[from] Chilly Reception\n|-enditem|p1a: Iron Bundle|Booster Energy\n|-activate|p1a: Iron Bundle|ability: Quark Drive|[fromitem]\n|-start|p1a: Iron Bundle|quarkdrivespe\n|\n|-weather|Snow|[upkeep]\n|-heal|p1b: Skeledirge|77\/100|[from] item: Leftovers\n|upkeep\n|turn|5\n|\n|t:|1684075469\n|move|p2b: Annihilape|Protect|p2b: Annihilape\n|-singleturn|p2b: Annihilape|Protect\n|move|p2a: Dragonite|Extreme Speed|p1a: Iron Bundle\n|-damage|p1a: Iron Bundle|60\/100\n|move|p1a: Iron Bundle|Aurora Veil|p1a: Iron Bundle\n|-sidestart|p1: ChimpSkylark|move: Aurora Veil\n|move|p1b: Skeledirge|Torch Song|p2a: Dragonite\n|-resisted|p2a: Dragonite\n|-damage|p2a: Dragonite|0 fnt\n|-boost|p1b: Skeledirge|spa|1\n|faint|p2a: Dragonite\n|\n|-weather|Snow|[upkeep]\n|-heal|p1b: Skeledirge|84\/100|[from] item: Leftovers\n|upkeep\n|\n|t:|1684075474\n|switch|p2a: Chien-Pao|Chien-Pao, L50|100\/100\n|-ability|p2a: Chien-Pao|Sword of Ruin\n|turn|6\n|inactive|ChimpSkylark has 30 seconds left.\n|inactive|ChimpSkylark has 20 seconds left.\n|\n|t:|1684075512\n|move|p1a: Iron Bundle|Freeze-Dry|p2a: Chien-Pao\n|-resisted|p2a: Chien-Pao\n|-damage|p2a: Chien-Pao|68\/100\n|move|p2a: Chien-Pao|Haze|p2a: Chien-Pao\n|-clearallboost\n|move|p2b: Annihilape|Rage Fist|p1b: Skeledirge\n|-supereffective|p1b: Skeledirge\n|-damage|p1b: Skeledirge|57\/100\n|move|p1b: Skeledirge|Torch Song|p2a: Chien-Pao\n|-supereffective|p2a: Chien-Pao\n|-damage|p2a: Chien-Pao|0 fnt\n|-boost|p1b: Skeledirge|spa|1\n|faint|p2a: Chien-Pao\n|\n|-weather|Snow|[upkeep]\n|-heal|p1b: Skeledirge|63\/100|[from] item: Leftovers\n|upkeep\n|turn|7\n|-message|cenizard forfeited.\n|\n|win|ChimpSkylark\n|raw|ChimpSkylark's rating: 1448 → 1463<\/strong> (+15 for winning)\n|raw|cenizard's rating: 1362 → 1347<\/strong> (-15 for losing)\n|l|\u2606cenizard\n","uploadtime":1684075578,"views":25,"p1id":"chimpskylark","p2id":"cenizard","formatid":"gen9vgc2023regulationc","rating":1347,"private":0,"password":""}