{"id":"gen9vgc2023regulationc-1849898411","p1":"HeffNastyy","p2":"muddyswamppert","format":"[Gen 9] VGC 2023 Regulation C","log":"|j|\u2606HeffNastyy\n|j|\u2606muddyswamppert\n|t:|1682265881\n|gametype|doubles\n|player|p1|HeffNastyy|lance|\n|player|p2|muddyswamppert|cynthia-gen4|\n|teamsize|p1|6\n|teamsize|p2|6\n|gen|9\n|tier|[Gen 9] VGC 2023 Regulation C\n|rule|Species Clause: Limit one of each Pok\u00e9mon\n|rule|Item Clause: Limit one of each item\n|clearpoke\n|poke|p1|Garchomp, L50, F|\n|poke|p1|Chien-Pao, L50|\n|poke|p1|Talonflame, L50, F|\n|poke|p1|Gyarados, L50, M|\n|poke|p1|Flutter Mane, L50|\n|poke|p1|Iron Hands, L50|\n|poke|p2|Garchomp, L50, M|\n|poke|p2|Garganacl, L50, F|\n|poke|p2|Ceruledge, L50, M|\n|poke|p2|Amoonguss, L50, F|\n|poke|p2|Gyarados, L50, M|\n|poke|p2|Chien-Pao, L50|\n|teampreview|4\n|inactive|Battle timer is ON: inactive players will automatically lose when time's up. (requested by muddyswamppert)\n|inactiveoff|Battle timer is now OFF.\n|c|\u2606HeffNastyy|g2\nHeffNastyy has agreed to open team sheets.\n|c|\u2606muddyswamppert|g2\nmuddyswamppert has agreed to open team sheets.\n|c|\u2606HeffNastyy|glhf\n|c|\u2606muddyswamppert|u2\n|inactive|Battle timer is ON: inactive players will automatically lose when time's up. (requested by HeffNastyy)\n|inactive|HeffNastyy has 30 seconds left.\n|c|\u2606muddyswamppert|comeback time\n|inactive|HeffNastyy has 20 seconds left.\n|\n|t:|1682266280\n|start\n|switch|p1a: Riley|Iron Hands, L50|100\/100\n|switch|p1b: Jaws|Gyarados, L50, M, shiny|100\/100\n|switch|p2a: Chien-Pao|Chien-Pao, L50|100\/100\n|switch|p2b: Amoonguss|Amoonguss, L50, F|100\/100\n|-ability|p2a: Chien-Pao|Sword of Ruin\n|-ability|p1b: Jaws|Intimidate|boost\n|-unboost|p2a: Chien-Pao|atk|1\n|-unboost|p2b: Amoonguss|atk|1\n|turn|1\n|inactive|HeffNastyy has 30 seconds left.\n|inactive|HeffNastyy has 20 seconds left.\n|inactive|HeffNastyy has 15 seconds left.\n|\n|t:|1682266324\n|move|p2b: Amoonguss|Rage Powder|p2b: Amoonguss\n|-singleturn|p2b: Amoonguss|move: Rage Powder\n|move|p2a: Chien-Pao|Ice Spinner|p1b: Jaws\n|-damage|p1b: Jaws|70\/100\n|move|p1b: Jaws|Taunt|p2b: Amoonguss\n|-start|p2b: Amoonguss|move: Taunt\n|move|p1a: Riley|Drain Punch|p2b: Amoonguss\n|-resisted|p2b: Amoonguss\n|-damage|p2b: Amoonguss|79\/100\n|\n|upkeep\n|turn|2\n|\n|t:|1682266351\n|switch|p2b: Garchomp|Garchomp, L50, M|100\/100\n|move|p2a: Chien-Pao|Protect|p2a: Chien-Pao\n|-singleturn|p2a: Chien-Pao|Protect\n|move|p1b: Jaws|Waterfall|p2a: Chien-Pao\n|-activate|p2a: Chien-Pao|move: Protect\n|move|p1a: Riley|Wild Charge|p2a: Chien-Pao\n|-activate|p2a: Chien-Pao|move: Protect\n|\n|upkeep\n|turn|3\n|\n|t:|1682266372\n|switch|p2a: Gyarados|Gyarados, L50, M|100\/100\n|-ability|p2a: Gyarados|Intimidate|boost\n|-unboost|p1a: Riley|atk|1\n|-unboost|p1b: Jaws|atk|1\n|-terastallize|p1a: Riley|Grass\n|move|p2b: Garchomp|Earthquake|p1a: Riley|[spread] p1a\n|-immune|p2a: Gyarados\n|-immune|p1b: Jaws\n|-resisted|p1a: Riley\n|-damage|p1a: Riley|83\/100\n|-damage|p2b: Garchomp|91\/100|[from] item: Life Orb\n|move|p1b: Jaws|Waterfall|p2a: Gyarados\n|-resisted|p2a: Gyarados\n|-damage|p2a: Gyarados|88\/100\n|move|p1a: Riley|Drain Punch|p2a: Gyarados\n|-resisted|p2a: Gyarados\n|-damage|p2a: Gyarados|71\/100\n|-heal|p1a: Riley|89\/100|[from] drain|[of] p2a: Gyarados\n|\n|upkeep\n|turn|4\n|inactive|HeffNastyy has 30 seconds left.\n|\n|t:|1682266405\n|switch|p2a: Amoonguss|Amoonguss, L50, F|100\/100\n|move|p2b: Garchomp|Dragon Claw|p1b: Jaws\n|-damage|p1b: Jaws|25\/100\n|-enditem|p1b: Jaws|Sitrus Berry|[eat]\n|-heal|p1b: Jaws|50\/100|[from] item: Sitrus Berry\n|-damage|p2b: Garchomp|81\/100|[from] item: Life Orb\n|move|p1b: Jaws|Waterfall|p2b: Garchomp\n|-damage|p2b: Garchomp|60\/100\n|-damage|p1b: Jaws|38\/100|[from] ability: Rough Skin|[of] p2b: Garchomp\n|move|p1a: Riley|Volt Switch|p2a: Amoonguss\n|-resisted|p2a: Amoonguss\n|-damage|p2a: Amoonguss|95\/100\n|\n|t:|1682266420\n|-end|p1a: Riley|Quark Drive|[silent]\n|switch|p1a: Chompa|Garchomp, L50, F, shiny|100\/100|[from] Volt Switch\n|\n|upkeep\n|turn|5\n|\n|t:|1682266440\n|move|p1b: Jaws|Helping Hand|p1a: Chompa\n|-singleturn|p1a: Chompa|Helping Hand|[of] p1b: Jaws\n|move|p2a: Amoonguss|Rage Powder|p2a: Amoonguss\n|-singleturn|p2a: Amoonguss|move: Rage Powder\n|move|p1a: Chompa|Earthquake|p2a: Amoonguss|[spread] p2a,p2b\n|-immune|p1b: Jaws\n|-damage|p2a: Amoonguss|37\/100\n|-damage|p2b: Garchomp|0 fnt\n|-enditem|p2a: Amoonguss|Sitrus Berry|[eat]\n|-heal|p2a: Amoonguss|62\/100|[from] item: Sitrus Berry\n|faint|p2b: Garchomp\n|-damage|p1a: Chompa|91\/100|[from] item: Life Orb\n|\n|upkeep\n|\n|t:|1682266453\n|switch|p2b: Chien-Pao|Chien-Pao, L50|100\/100\n|-ability|p2b: Chien-Pao|Sword of Ruin\n|turn|6\n|\n|t:|1682266464\n|move|p1a: Chompa|Protect|p1a: Chompa\n|-singleturn|p1a: Chompa|Protect\n|move|p2b: Chien-Pao|Ice Spinner|p1a: Chompa\n|-activate|p1a: Chompa|move: Protect\n|move|p1b: Jaws|Thunder Wave|p2b: Chien-Pao\n|-status|p2b: Chien-Pao|par\n|move|p2a: Amoonguss|Spore|p1b: Jaws\n|-status|p1b: Jaws|slp|[from] move: Spore\n|\n|upkeep\n|turn|7\n|\n|t:|1682266485\n|cant|p1b: Jaws|slp\n|move|p2a: Amoonguss|Rage Powder|p2a: Amoonguss\n|-singleturn|p2a: Amoonguss|move: Rage Powder\n|move|p1a: Chompa|Earthquake|p2b: Chien-Pao|[spread] p2a,p2b\n|-immune|p1b: Jaws\n|-damage|p2a: Amoonguss|7\/100\n|-damage|p2b: Chien-Pao|36\/100 par\n|-damage|p1a: Chompa|81\/100|[from] item: Life Orb\n|move|p2b: Chien-Pao|Ice Spinner|p1a: Chompa\n|-supereffective|p1a: Chompa\n|-damage|p1a: Chompa|0 fnt\n|-damage|p2b: Chien-Pao|24\/100 par|[from] ability: Rough Skin|[of] p1a: Chompa\n|faint|p1a: Chompa\n|\n|upkeep\n|\n|t:|1682266498\n|switch|p1a: Lilith|Flutter Mane, L50, shiny|100\/100\n|-enditem|p1a: Lilith|Booster Energy\n|-activate|p1a: Lilith|ability: Protosynthesis|[fromitem]\n|-start|p1a: Lilith|protosynthesisspa\n|turn|8\n|\n|t:|1682266511\n|-curestatus|p1b: Jaws|slp|[msg]\n|move|p1b: Jaws|Helping Hand|p1a: Lilith\n|-singleturn|p1a: Lilith|Helping Hand|[of] p1b: Jaws\n|move|p2a: Amoonguss|Protect|p2a: Amoonguss\n|-singleturn|p2a: Amoonguss|Protect\n|move|p1a: Lilith|Dazzling Gleam|p2b: Chien-Pao|[spread] p2b\n|-activate|p2a: Amoonguss|move: Protect\n|-supereffective|p2b: Chien-Pao\n|-damage|p2b: Chien-Pao|0 fnt\n|faint|p2b: Chien-Pao\n|\n|upkeep\n|\n|t:|1682266517\n|switch|p2b: Gyarados|Gyarados, L50, M|71\/100\n|-ability|p2b: Gyarados|Intimidate|boost\n|-unboost|p1a: Lilith|atk|1\n|-unboost|p1b: Jaws|atk|1\n|turn|9\n|\n|t:|1682266531\n|-terastallize|p2b: Gyarados|Ground\n|move|p1b: Jaws|Helping Hand|p1a: Lilith\n|-singleturn|p1a: Lilith|Helping Hand|[of] p1b: Jaws\n|move|p1a: Lilith|Dazzling Gleam|p2a: Amoonguss|[spread] p2a,p2b\n|-resisted|p2a: Amoonguss\n|-damage|p2a: Amoonguss|0 fnt\n|-damage|p2b: Gyarados|8\/100\n|faint|p2a: Amoonguss\n|move|p2b: Gyarados|Dragon Dance|p2b: Gyarados\n|-boost|p2b: Gyarados|atk|1\n|-boost|p2b: Gyarados|spe|1\n|\n|upkeep\n|turn|10\n|\n|t:|1682266550\n|move|p2b: Gyarados|Earthquake|p1a: Lilith|[spread] p1a\n|-immune|p1b: Jaws\n|-damage|p1a: Lilith|17\/100\n|move|p1a: Lilith|Moonblast|p2b: Gyarados\n|-damage|p2b: Gyarados|0 fnt\n|faint|p2b: Gyarados\n|\n|win|HeffNastyy\n|c|\u2606muddyswamppert|gg\n|c|\u2606HeffNastyy|ggs\n|l|\u2606muddyswamppert\n","uploadtime":1682266642,"views":7,"p1id":"heffnastyy","p2id":"muddyswamppert","formatid":"gen9vgc2023regulationc","rating":0,"private":0,"password":""}