{"id":"gen9vgc2023regulationc-1860629849","p1":"xiaoven","p2":"jacobomega","format":"[Gen 9] VGC 2023 Regulation C","log":"|j|\u2606xiaoven\n|j|\u2606jacobomega\n|t:|1683660623\n|gametype|doubles\n|player|p1|xiaoven|iono|1077\n|player|p2|jacobomega|101|1171\n|teamsize|p1|6\n|teamsize|p2|6\n|gen|9\n|tier|[Gen 9] VGC 2023 Regulation C\n|rated|\n|rule|Species Clause: Limit one of each Pok\u00e9mon\n|rule|Item Clause: Limit one of each item\n|clearpoke\n|poke|p1|Glimmora, L50, M|\n|poke|p1|Wo-Chien, L50|\n|poke|p1|Baxcalibur, L50, M|\n|poke|p1|Salamence, L50, M|\n|poke|p1|Great Tusk, L50|\n|poke|p1|Flutter Mane, L50|\n|poke|p2|Jumpluff, L50, F|\n|poke|p2|Torkoal, L50, F|\n|poke|p2|Great Tusk, L50|\n|poke|p2|Flutter Mane, L50|\n|poke|p2|Brute Bonnet, L50|\n|poke|p2|Chien-Pao, L50|\n|teampreview|4\njacobomega has agreed to open team sheets.\nxiaoven rejected open team sheets.\n|\n|t:|1683660658\n|start\n|switch|p1a: bl\u00e5haj|Baxcalibur, L50, M|100\/100\n|switch|p1b: violencia|Flutter Mane, L50, shiny|100\/100\n|switch|p2a: Jumpluff|Jumpluff, L50, F|100\/100\n|switch|p2b: Torkoal|Torkoal, L50, F|100\/100\n|-weather|SunnyDay|[from] ability: Drought|[of] p2b: Torkoal\n|-activate|p1b: violencia|ability: Protosynthesis\n|-start|p1b: violencia|protosynthesisspe\n|turn|1\n|\n|t:|1683660689\n|move|p2a: Jumpluff|Tailwind|p2a: Jumpluff\n|-sidestart|p2: jacobomega|move: Tailwind\n|move|p1b: violencia|Shadow Ball|p2b: Torkoal\n|-damage|p2b: Torkoal|41\/100\n|-unboost|p2b: Torkoal|spd|1\n|-enditem|p2b: Torkoal|Eject Pack\n|\n|t:|1683660707\n|switch|p2b: Great Tusk|Great Tusk, L50|100\/100\n|-activate|p2b: Great Tusk|ability: Protosynthesis\n|-start|p2b: Great Tusk|protosynthesisatk\n|move|p1a: bl\u00e5haj|Icicle Spear|p2a: Jumpluff\n|-supereffective|p2a: Jumpluff\n|-damage|p2a: Jumpluff|32\/100\n|-supereffective|p2a: Jumpluff\n|-damage|p2a: Jumpluff|0 fnt\n|faint|p2a: Jumpluff\n|-hitcount|p2: Jumpluff|2\n|\n|-weather|SunnyDay|[upkeep]\n|upkeep\n|\n|t:|1683660725\n|switch|p2a: Chien-Pao|Chien-Pao, L50|100\/100\n|-ability|p2a: Chien-Pao|Sword of Ruin\n|turn|2\n|\n|t:|1683660751\n|-terastallize|p1a: bl\u00e5haj|Fire\n|move|p2a: Chien-Pao|Ice Spinner|p1b: violencia\n|-damage|p1b: violencia|0 fnt\n|faint|p1b: violencia\n|-end|p1b: violencia|Protosynthesis|[silent]\n|-damage|p2a: Chien-Pao|91\/100|[from] item: Life Orb\n|move|p2b: Great Tusk|Close Combat|p1a: bl\u00e5haj\n|-damage|p1a: bl\u00e5haj|0 fnt\n|-unboost|p2b: Great Tusk|def|1\n|-unboost|p2b: Great Tusk|spd|1\n|faint|p1a: bl\u00e5haj\n|\n|-weather|SunnyDay|[upkeep]\n|upkeep\n|\n|t:|1683660760\n|switch|p1b: snail gaming|Wo-Chien, L50|100\/100\n|switch|p1a: >dies|Glimmora, L50, M, shiny|100\/100\n|-ability|p1b: snail gaming|Tablets of Ruin\n|turn|3\n|\n|t:|1683660775\n|move|p1b: snail gaming|Protect|p1b: snail gaming\n|-singleturn|p1b: snail gaming|Protect\n|move|p2a: Chien-Pao|Ice Spinner|p1b: snail gaming\n|-activate|p1b: snail gaming|move: Protect\n|move|p2b: Great Tusk|Headlong Rush|p1a: >dies\n|-supereffective|p1a: >dies\n|-enditem|p1a: >dies|Focus Sash\n|-damage|p1a: >dies|1\/100\n|-unboost|p2b: Great Tusk|def|1\n|-unboost|p2b: Great Tusk|spd|1\n|-activate|p1a: >dies|ability: Toxic Debris\n|-sidestart|p2: jacobomega|move: Toxic Spikes\n|move|p1a: >dies|Energy Ball|p2b: Great Tusk\n|-supereffective|p2b: Great Tusk\n|-enditem|p2b: Great Tusk|Focus Sash\n|-damage|p2b: Great Tusk|1\/100\n|\n|-weather|SunnyDay|[upkeep]\n|upkeep\n|turn|4\n|\n|t:|1683660805\n|move|p1a: >dies|Spiky Shield|p1a: >dies\n|-singleturn|p1a: >dies|move: Protect\n|move|p2a: Chien-Pao|Ice Spinner|p1b: snail gaming\n|-supereffective|p1b: snail gaming\n|-damage|p1b: snail gaming|21\/100\n|-damage|p2a: Chien-Pao|81\/100|[from] item: Life Orb\n|move|p2b: Great Tusk|Knock Off|p1a: >dies\n|-activate|p1a: >dies|move: Protect\n|-damage|p2b: Great Tusk|0 fnt|[from] Spiky Shield|[of] p1a: >dies\n|faint|p2b: Great Tusk\n|-end|p2b: Great Tusk|Protosynthesis|[silent]\n|move|p1b: snail gaming|Pollen Puff|p2a: Chien-Pao\n|-supereffective|p2a: Chien-Pao\n|-damage|p2a: Chien-Pao|17\/100\n|\n|-weather|SunnyDay|[upkeep]\n|-heal|p1b: snail gaming|27\/100|[from] item: Leftovers\n|-sideend|p2: jacobomega|move: Tailwind\n|upkeep\n|\n|t:|1683660823\n|switch|p2b: Torkoal|Torkoal, L50, F|41\/100\n|-status|p2b: Torkoal|psn\n|turn|5\n|inactive|Battle timer is ON: inactive players will automatically lose when time's up. (requested by xiaoven)\n|\n|t:|1683660863\n|move|p2a: Chien-Pao|Ice Spinner|p1b: snail gaming\n|-supereffective|p1b: snail gaming\n|-damage|p1b: snail gaming|0 fnt\n|faint|p1b: snail gaming\n|-damage|p2a: Chien-Pao|7\/100|[from] item: Life Orb\n|move|p1a: >dies|Earth Power|p2b: Torkoal\n|-supereffective|p2b: Torkoal\n|-crit|p2b: Torkoal\n|-damage|p2b: Torkoal|0 fnt\n|faint|p2b: Torkoal\n|\n|-weather|none\n|upkeep\n|turn|6\n|\n|t:|1683660878\n|move|p1a: >dies|Spiky Shield|p1a: >dies\n|-singleturn|p1a: >dies|move: Protect\n|move|p2a: Chien-Pao|Haze|p2a: Chien-Pao\n|-clearallboost\n|\n|upkeep\n|turn|7\n|\n|t:|1683660888\n|move|p1a: >dies|Spiky Shield|p1a: >dies\n|-singleturn|p1a: >dies|move: Protect\n|move|p2a: Chien-Pao|Ice Spinner|p1a: >dies\n|-activate|p1a: >dies|move: Protect\n|-damage|p2a: Chien-Pao|0 fnt|[from] Spiky Shield|[of] p1a: >dies\n|faint|p2a: Chien-Pao\n|\n|win|xiaoven\n|raw|xiaoven's rating: 1077 → 1113<\/strong> (+36 for winning)\n|raw|jacobomega's rating: 1171 → 1139<\/strong> (-32 for losing)\n","uploadtime":1683660940,"views":16,"p1id":"xiaoven","p2id":"jacobomega","formatid":"gen9vgc2023regulationc","rating":1113,"private":0,"password":""}