{"id":"gen9vgc2023regulationc-1859839993","p1":"Topperlecat","p2":"Double Clxtch","format":"[Gen 9] VGC 2023 Regulation C","log":"|j|\u2606Topperlecat\n|j|\u2606Double Clxtch\n|t:|1683568888\n|gametype|doubles\n|player|p1|Topperlecat|n|1299\n|player|p2|Double Clxtch|blue|1200\n|teamsize|p1|6\n|teamsize|p2|6\n|gen|9\n|tier|[Gen 9] VGC 2023 Regulation C\n|rated|\n|rule|Species Clause: Limit one of each Pok\u00e9mon\n|rule|Item Clause: Limit one of each item\n|clearpoke\n|poke|p1|Tyranitar, L50, M|\n|poke|p1|Corviknight, L50, M|\n|poke|p1|Amoonguss, L50, M|\n|poke|p1|Glimmora, L50, M|\n|poke|p1|Palafin, L50, M|\n|poke|p1|Chi-Yu, L50|\n|poke|p2|Talonflame, L50, F|\n|poke|p2|Dragonite, L50, F|\n|poke|p2|Gyarados, L50, F|\n|poke|p2|Amoonguss, L50, M|\n|poke|p2|Torkoal, L50, M|\n|poke|p2|Flutter Mane, L50|\n|teampreview|4\nTopperlecat has agreed to open team sheets.\n|c|\u2606Topperlecat|Glhf\n|\n|t:|1683568932\n|start\n|switch|p1a: Palafin|Palafin, L50, M|100\/100\n|switch|p1b: Glimmora|Glimmora, L50, M|100\/100\n|switch|p2a: Flutter Mane|Flutter Mane, L50, shiny|100\/100\n|switch|p2b: Amoonguss|Amoonguss, L50, M, shiny|100\/100\n|turn|1\n|\n|t:|1683568960\n|detailschange|p1a: Palafin|Palafin-Hero, L50, M\n|switch|p1a: bob|Tyranitar, L50, M|100\/100\n|-weather|Sandstorm|[from] ability: Sand Stream|[of] p1a: bob\n|move|p1b: Glimmora|Sludge Bomb|p2a: Flutter Mane\n|-damage|p2a: Flutter Mane|31\/100\n|move|p2b: Amoonguss|Spore|p1b: Glimmora\n|-status|p1b: Glimmora|slp|[from] move: Spore\n|move|p2a: Flutter Mane|Trick Room|p2a: Flutter Mane\n|-fieldstart|move: Trick Room|[of] p2a: Flutter Mane\n|\n|-weather|Sandstorm|[upkeep]\n|-damage|p2b: Amoonguss|95\/100|[from] Sandstorm\n|-damage|p2a: Flutter Mane|25\/100|[from] Sandstorm\n|upkeep\n|turn|2\n|\n|t:|1683568988\n|switch|p1a: the biggest bird|Corviknight, L50, M|100\/100\n|-terastallize|p2a: Flutter Mane|Fairy\n|move|p2b: Amoonguss|Pollen Puff|p2a: Flutter Mane\n|-heal|p2a: Flutter Mane|75\/100\n|move|p2a: Flutter Mane|Moonblast|p1a: the biggest bird\n|-resisted|p1a: the biggest bird\n|-damage|p1a: the biggest bird|66\/100\n|-ability|p1a: the biggest bird|Mirror Armor\n|-unboost|p2a: Flutter Mane|spa|1\n|cant|p1b: Glimmora|slp\n|\n|-weather|Sandstorm|[upkeep]\n|-damage|p2b: Amoonguss|89\/100|[from] Sandstorm\n|-damage|p2a: Flutter Mane|69\/100|[from] Sandstorm\n|upkeep\n|turn|3\n|\n|t:|1683569013\n|-end|p2a: Flutter Mane|Protosynthesis|[silent]\n|switch|p2a: Torkoal|Torkoal, L50, M, shiny|100\/100\n|-weather|SunnyDay|[from] ability: Drought|[of] p2a: Torkoal\n|move|p2b: Amoonguss|Spore|p1a: the biggest bird\n|-status|p1a: the biggest bird|slp|[from] move: Spore\n|-enditem|p1a: the biggest bird|Lum Berry|[eat]\n|-curestatus|p1a: the biggest bird|slp|[msg]\n|move|p1a: the biggest bird|Brave Bird|p2b: Amoonguss\n|-supereffective|p2b: Amoonguss\n|-damage|p2b: Amoonguss|23\/100\n|-enditem|p2b: Amoonguss|Wiki Berry|[eat]\n|-heal|p2b: Amoonguss|56\/100|[from] item: Wiki Berry\n|-damage|p1a: the biggest bird|42\/100|[from] Recoil\n|cant|p1b: Glimmora|slp\n|\n|-weather|SunnyDay|[upkeep]\n|upkeep\n|turn|4\n|\n|t:|1683569040\n|move|p2b: Amoonguss|Spore|p1a: the biggest bird\n|-status|p1a: the biggest bird|slp|[from] move: Spore\n|move|p2a: Torkoal|Eruption|p1b: Glimmora|[spread] p1a,p1b\n|-supereffective|p1a: the biggest bird\n|-resisted|p1b: Glimmora\n|-damage|p1a: the biggest bird|0 fnt\n|-damage|p1b: Glimmora|46\/100 slp\n|faint|p1a: the biggest bird\n|cant|p1b: Glimmora|slp\n|\n|-weather|SunnyDay|[upkeep]\n|upkeep\n|\n|t:|1683569053\n|switch|p1a: bob|Tyranitar, L50, M|100\/100\n|-weather|Sandstorm|[from] ability: Sand Stream|[of] p1a: bob\n|turn|5\n|\n|t:|1683569068\n|switch|p2b: Flutter Mane|Flutter Mane, L50, shiny, tera:Fairy|69\/100\n|move|p2a: Torkoal|Solar Beam||[still]\n|-prepare|p2a: Torkoal|Solar Beam\n|move|p1a: bob|Rock Slide|p2a: Torkoal|[spread] p2b\n|-miss|p1a: bob|p2a: Torkoal\n|-damage|p2b: Flutter Mane|23\/100\n|-curestatus|p1b: Glimmora|slp|[msg]\n|move|p1b: Glimmora|Sludge Bomb|p2b: Flutter Mane\n|-supereffective|p2b: Flutter Mane\n|-damage|p2b: Flutter Mane|0 fnt\n|faint|p2b: Flutter Mane\n|-end|p2b: Flutter Mane|Protosynthesis|[silent]\n|\n|-weather|Sandstorm|[upkeep]\n|-damage|p2a: Torkoal|94\/100|[from] Sandstorm\n|-fieldend|move: Trick Room\n|upkeep\n|\n|t:|1683569091\n|switch|p2b: Talonflame|Talonflame, L50, F, shiny|100\/100\n|turn|6\n|\n|t:|1683569104\n|-terastallize|p1a: bob|Flying\n|move|p2b: Talonflame|Will-O-Wisp|p1a: bob\n|-status|p1a: bob|brn\n|move|p1b: Glimmora|Sludge Bomb|p2a: Torkoal\n|-crit|p2a: Torkoal\n|-damage|p2a: Torkoal|0 fnt\n|faint|p2a: Torkoal\n|move|p1a: bob|Rock Slide|p2b: Talonflame\n|-supereffective|p2b: Talonflame\n|-enditem|p2b: Talonflame|Focus Sash\n|-damage|p2b: Talonflame|1\/100\n|\n|-weather|Sandstorm|[upkeep]\n|-damage|p2b: Talonflame|0 fnt|[from] Sandstorm\n|-damage|p1a: bob|94\/100 brn|[from] Sandstorm\n|faint|p2b: Talonflame\n|-damage|p1a: bob|88\/100 brn|[from] brn\n|upkeep\n|\n|t:|1683569123\n|switch|p2a: Amoonguss|Amoonguss, L50, M, shiny|89\/100\n|turn|7\n|\n|t:|1683569129\n|move|p1b: Glimmora|Sludge Bomb|p2a: Amoonguss\n|-damage|p2a: Amoonguss|18\/100\n|move|p1a: bob|Tera Blast|p2a: Amoonguss\n|-supereffective|p2a: Amoonguss\n|-damage|p2a: Amoonguss|0 fnt\n|faint|p2a: Amoonguss\n|\n|win|Topperlecat\n|raw|Topperlecat's rating: 1299 → 1317<\/strong> (+18 for winning)\n|raw|Double Clxtch's rating: 1200 → 1182<\/strong> (-18 for losing)\n|l|\u2606Double Clxtch\n","uploadtime":1683569139,"views":13,"p1id":"topperlecat","p2id":"doubleclxtch","formatid":"gen9vgc2023regulationc","rating":1182,"private":0,"password":""}