{"id":"gen9vgc2023regulationc-1847710669","p1":"mx555","p2":"FerdiVGC","format":"[Gen 9] VGC 2023 Regulation C","log":"|j|\u2606mx555\n|j|\u2606FerdiVGC\n|t:|1681995015\n|gametype|doubles\n|player|p1|mx555|266|1403\n|player|p2|FerdiVGC|169|1402\n|teamsize|p1|6\n|teamsize|p2|6\n|gen|9\n|tier|[Gen 9] VGC 2023 Regulation C\n|rated|\n|rule|Species Clause: Limit one of each Pok\u00e9mon\n|rule|Item Clause: Limit one of each item\n|clearpoke\n|poke|p1|Dondozo, L50, M|\n|poke|p1|Tatsugiri, L50, F|\n|poke|p1|Roaring Moon, L50|\n|poke|p1|Chi-Yu, L50|\n|poke|p1|Flutter Mane, L50|\n|poke|p1|Glimmora, L50, M|\n|poke|p2|Baxcalibur, L50, F|\n|poke|p2|Gholdengo, L50|\n|poke|p2|Iron Jugulis, L50|\n|poke|p2|Tauros-Paldea-Blaze, L50, M|\n|poke|p2|Gyarados, L50, F|\n|poke|p2|Amoonguss, L50, F|\n|teampreview|4\n|\n|t:|1681995045\n|start\n|switch|p1a: Roaring Moon|Roaring Moon, L50|100\/100\n|switch|p1b: Glimmora|Glimmora, L50, M|100\/100\n|switch|p2a: IsThatABird?|Iron Jugulis, L50|100\/100\n|switch|p2b: Gyarados|Gyarados, L50, F|100\/100\n|-ability|p2b: Gyarados|Intimidate|boost\n|-unboost|p1a: Roaring Moon|atk|1\n|-unboost|p1b: Glimmora|atk|1\n|-enditem|p1a: Roaring Moon|Booster Energy\n|-activate|p1a: Roaring Moon|ability: Protosynthesis|[fromitem]\n|-start|p1a: Roaring Moon|protosynthesisspe\n|-enditem|p2a: IsThatABird?|Booster Energy\n|-activate|p2a: IsThatABird?|ability: Quark Drive|[fromitem]\n|-start|p2a: IsThatABird?|quarkdrivespe\n|turn|1\n|inactive|Battle timer is ON: inactive players will automatically lose when time's up. (requested by mx555)\n|\n|t:|1681995062\n|-terastallize|p2a: IsThatABird?|Poison\n|move|p1a: Roaring Moon|Breaking Swipe|p2a: IsThatABird?|[spread] p2a,p2b\n|-damage|p2a: IsThatABird?|87\/100\n|-damage|p2b: Gyarados|85\/100\n|-unboost|p2a: IsThatABird?|atk|1\n|-unboost|p2b: Gyarados|atk|1\n|move|p2a: IsThatABird?|Tailwind|p2a: IsThatABird?\n|-sidestart|p2: FerdiVGC|move: Tailwind\n|move|p2b: Gyarados|Thunder Wave|p1b: Glimmora\n|-status|p1b: Glimmora|par\n|move|p1b: Glimmora|Mortal Spin|p2a: IsThatABird?|[spread] p2a,p2b\n|-resisted|p2a: IsThatABird?\n|-damage|p2a: IsThatABird?|86\/100\n|-damage|p2b: Gyarados|83\/100\n|-status|p2b: Gyarados|psn\n|-enditem|p2b: Gyarados|Lum Berry|[eat]\n|-curestatus|p2b: Gyarados|psn|[msg]\n|\n|upkeep\n|turn|2\n|\n|t:|1681995080\n|move|p2a: IsThatABird?|Snarl|p1b: Glimmora|[spread] p1a,p1b\n|-resisted|p1a: Roaring Moon\n|-damage|p1a: Roaring Moon|93\/100\n|-damage|p1b: Glimmora|89\/100 par\n|-unboost|p1a: Roaring Moon|spa|1\n|-unboost|p1b: Glimmora|spa|1\n|move|p1a: Roaring Moon|Breaking Swipe|p2a: IsThatABird?|[spread] p2a,p2b\n|-damage|p2a: IsThatABird?|72\/100\n|-damage|p2b: Gyarados|68\/100\n|-unboost|p2a: IsThatABird?|atk|1\n|-unboost|p2b: Gyarados|atk|1\n|move|p2b: Gyarados|Thunder Wave|p1a: Roaring Moon\n|-status|p1a: Roaring Moon|par\n|move|p1b: Glimmora|Mortal Spin|p2a: IsThatABird?|[spread] p2a,p2b\n|-resisted|p2a: IsThatABird?\n|-damage|p2a: IsThatABird?|71\/100\n|-damage|p2b: Gyarados|66\/100\n|-status|p2b: Gyarados|psn\n|\n|-damage|p2b: Gyarados|54\/100 psn|[from] psn\n|upkeep\n|turn|3\n|inactive|mx555 has 30 seconds left.\n|inactive|FerdiVGC has 30 seconds left.\n|inactive|FerdiVGC has 20 seconds left.\n|inactive|FerdiVGC has 15 seconds left.\n|inactive|FerdiVGC has 10 seconds left.\n|\n|t:|1681995127\n|switch|p2b: Gholdengo|Gholdengo, L50|100\/100\n|move|p2a: IsThatABird?|Snarl|p1a: Roaring Moon|[spread] p1a,p1b\n|-resisted|p1a: Roaring Moon\n|-damage|p1a: Roaring Moon|84\/100 par\n|-damage|p1b: Glimmora|76\/100 par\n|-unboost|p1a: Roaring Moon|spa|1\n|-unboost|p1b: Glimmora|spa|1\n|move|p1a: Roaring Moon|Tailwind|p1a: Roaring Moon\n|-sidestart|p1: mx555|move: Tailwind\n|cant|p1b: Glimmora|par\n|\n|upkeep\n|turn|4\n|inactive|FerdiVGC has 30 seconds left.\n|inactive|FerdiVGC has 20 seconds left.\n|\n|t:|1681995167\n|switch|p2b: Gyarados|Gyarados, L50, F|54\/100 psn\n|-ability|p2b: Gyarados|Intimidate|boost\n|-unboost|p1a: Roaring Moon|atk|1\n|-unboost|p1b: Glimmora|atk|1\n|move|p2a: IsThatABird?|Snarl|p1b: Glimmora|[spread] p1a,p1b\n|-resisted|p1a: Roaring Moon\n|-damage|p1a: Roaring Moon|76\/100 par\n|-damage|p1b: Glimmora|65\/100 par\n|-unboost|p1a: Roaring Moon|spa|1\n|-unboost|p1b: Glimmora|spa|1\n|move|p1a: Roaring Moon|Earthquake|p2b: Gyarados|[spread] p1b,p2a\n|-immune|p2b: Gyarados\n|-supereffective|p1b: Glimmora\n|-supereffective|p2a: IsThatABird?\n|-damage|p1b: Glimmora|26\/100 par\n|-damage|p2a: IsThatABird?|50\/100\n|-activate|p1b: Glimmora|ability: Toxic Debris\n|-sidestart|p2: FerdiVGC|move: Toxic Spikes\n|move|p1b: Glimmora|Earth Power|p2b: Gyarados\n|-immune|p2b: Gyarados\n|\n|-damage|p2b: Gyarados|42\/100 psn|[from] psn\n|-sideend|p2: FerdiVGC|move: Tailwind\n|upkeep\n|turn|5\n|inactive|mx555 has 30 seconds left.\n|inactive|FerdiVGC has 30 seconds left.\n|inactive|mx555 has 20 seconds left.\n|inactive|FerdiVGC has 20 seconds left.\n|inactive|FerdiVGC has 15 seconds left.\n|inactive|FerdiVGC has 10 seconds left.\n|inactive|FerdiVGC has 5 seconds left.\n|\n|t:|1681995220\n|move|p1a: Roaring Moon|Breaking Swipe|p2a: IsThatABird?|[spread] p2a,p2b\n|-damage|p2a: IsThatABird?|39\/100\n|-damage|p2b: Gyarados|31\/100 psn\n|-unboost|p2a: IsThatABird?|atk|1\n|-unboost|p2b: Gyarados|atk|1\n|move|p2a: IsThatABird?|Snarl|p1a: Roaring Moon|[spread] p1a,p1b\n|-resisted|p1a: Roaring Moon\n|-damage|p1a: Roaring Moon|68\/100 par\n|-damage|p1b: Glimmora|15\/100 par\n|-unboost|p1a: Roaring Moon|spa|1\n|-unboost|p1b: Glimmora|spa|1\n|move|p2b: Gyarados|Waterfall|p1b: Glimmora\n|-supereffective|p1b: Glimmora\n|-damage|p1b: Glimmora|0 fnt\n|-activate|p1b: Glimmora|ability: Toxic Debris\n|-sidestart|p2: FerdiVGC|move: Toxic Spikes\n|faint|p1b: Glimmora\n|\n|-damage|p2b: Gyarados|19\/100 psn|[from] psn\n|upkeep\n|\n|t:|1681995240\n|switch|p1b: Dondozo|Dondozo, L50, M|100\/100\n|turn|6\n|\n|t:|1681995259\n|move|p1a: Roaring Moon|Breaking Swipe|p2b: Gyarados|[spread] p2a,p2b\n|-damage|p2a: IsThatABird?|29\/100\n|-damage|p2b: Gyarados|9\/100 psn\n|-unboost|p2a: IsThatABird?|atk|1\n|-unboost|p2b: Gyarados|atk|1\n|move|p2a: IsThatABird?|Tailwind|p2a: IsThatABird?\n|-sidestart|p2: FerdiVGC|move: Tailwind\n|move|p2b: Gyarados|Thunder Wave|p1b: Dondozo\n|-status|p1b: Dondozo|par\n|move|p1b: Dondozo|Wave Crash|p2a: IsThatABird?\n|-damage|p2a: IsThatABird?|0 fnt\n|faint|p2a: IsThatABird?\n|-end|p2a: IsThatABird?|Quark Drive|[silent]\n|-damage|p1b: Dondozo|93\/100 par|[from] Recoil\n|\n|-heal|p1b: Dondozo|99\/100 par|[from] item: Leftovers\n|-damage|p2b: Gyarados|0 fnt|[from] psn\n|faint|p2b: Gyarados\n|-sideend|p1: mx555|move: Tailwind\n|upkeep\n|\n|t:|1681995272\n|switch|p2a: Gholdengo|Gholdengo, L50|100\/100\n|switch|p2b: Tauros|Tauros-Paldea-Blaze, L50, M|100\/100\n|-status|p2b: Tauros|tox\n|-ability|p2b: Tauros|Intimidate|boost\n|-unboost|p1a: Roaring Moon|atk|1\n|-unboost|p1b: Dondozo|atk|1\n|turn|7\n|\n|t:|1681995288\n|move|p2b: Tauros|Protect|p2b: Tauros\n|-singleturn|p2b: Tauros|Protect\n|move|p1b: Dondozo|Protect|p1b: Dondozo\n|-singleturn|p1b: Dondozo|Protect\n|move|p2a: Gholdengo|Thunderbolt|p1b: Dondozo\n|-activate|p1b: Dondozo|move: Protect\n|cant|p1a: Roaring Moon|par\n|\n|-heal|p1b: Dondozo|100\/100 par|[from] item: Leftovers\n|-damage|p2b: Tauros|94\/100 tox|[from] psn\n|upkeep\n|turn|8\n|\n|t:|1681995306\n|-end|p1a: Roaring Moon|Protosynthesis|[silent]\n|switch|p1a: Tatsugiri|Tatsugiri, L50, F|100\/100\n|-activate|p1a: Tatsugiri|ability: Commander|[of] p1b: Dondozo\n|-boost|p1b: Dondozo|atk|2\n|-boost|p1b: Dondozo|spa|2\n|-boost|p1b: Dondozo|spe|2\n|-boost|p1b: Dondozo|def|2\n|-boost|p1b: Dondozo|spd|2\n|-enditem|p2b: Tauros|Mirror Herb\n|-boost|p2b: Tauros|atk|2|[from] item: Mirror Herb\n|-boost|p2b: Tauros|spa|2|[from] item: Mirror Herb\n|-boost|p2b: Tauros|spe|2|[from] item: Mirror Herb\n|-boost|p2b: Tauros|def|2|[from] item: Mirror Herb\n|-boost|p2b: Tauros|spd|2|[from] item: Mirror Herb\n|move|p2b: Tauros|Close Combat|p1a: Tatsugiri|[miss]\n|-miss|p2b: Tauros|p1a: Tatsugiri\n|move|p2a: Gholdengo|Thunderbolt|p1b: Dondozo\n|-supereffective|p1b: Dondozo\n|-damage|p1b: Dondozo|55\/100 par\n|move|p1b: Dondozo|Earthquake|p2b: Tauros|[spread] p2a,p2b\n|-miss|p1b: Dondozo|p1a: Tatsugiri\n|-supereffective|p2a: Gholdengo\n|-supereffective|p2b: Tauros\n|-damage|p2a: Gholdengo|35\/100\n|-damage|p2b: Tauros|26\/100 tox\n|\n|-heal|p1b: Dondozo|61\/100 par|[from] item: Leftovers\n|-damage|p2b: Tauros|14\/100 tox|[from] psn\n|upkeep\n|turn|9\n|\n|t:|1681995322\n|move|p1b: Dondozo|Protect|p1b: Dondozo\n|-singleturn|p1b: Dondozo|Protect\n|move|p2b: Tauros|Close Combat|p1b: Dondozo\n|-activate|p1b: Dondozo|move: Protect\n|move|p2a: Gholdengo|Thunderbolt|p1b: Dondozo\n|-activate|p1b: Dondozo|move: Protect\n|\n|-heal|p1b: Dondozo|68\/100 par|[from] item: Leftovers\n|-damage|p2b: Tauros|0 fnt|[from] psn\n|faint|p2b: Tauros\n|-sideend|p2: FerdiVGC|move: Tailwind\n|upkeep\n|turn|10\n|\n|t:|1681995327\n|move|p2a: Gholdengo|Thunderbolt|p1b: Dondozo\n|-supereffective|p1b: Dondozo\n|-damage|p1b: Dondozo|25\/100 par\n|move|p1b: Dondozo|Wave Crash|p2a: Gholdengo\n|-damage|p2a: Gholdengo|0 fnt\n|faint|p2a: Gholdengo\n|-damage|p1b: Dondozo|17\/100 par|[from] Recoil\n|\n|win|mx555\n|raw|mx555's rating: 1403 → 1423<\/strong> (+20 for winning)\n|raw|FerdiVGC's rating: 1402 → 1382<\/strong> (-20 for losing)\n","uploadtime":1681995335,"views":10,"p1id":"mx555","p2id":"ferdivgc","formatid":"gen9vgc2023regulationc","rating":1382,"private":0,"password":""}