{"id":"gen9vgc2023regulationc-1844921149","p1":"Clementine23","p2":"Keveloper","format":"[Gen 9] VGC 2023 Regulation C","log":"|j|\u2606Clementine23\n|j|\u2606Keveloper\n|t:|1681664321\n|gametype|doubles\n|player|p1|Clementine23|swimmer-gen4dp|\n|player|p2|Keveloper|lusamine-nihilego|\n|teamsize|p1|6\n|teamsize|p2|6\n|gen|9\n|tier|[Gen 9] VGC 2023 Regulation C\n|rule|Species Clause: Limit one of each Pok\u00e9mon\n|rule|Item Clause: Limit one of each item\n|clearpoke\n|poke|p1|Iron Hands, L50|\n|poke|p1|Chien-Pao, L50|\n|poke|p1|Palafin, L50, M|\n|poke|p1|Great Tusk, L50|\n|poke|p1|Talonflame, L50, F|\n|poke|p1|Gholdengo, L50|\n|poke|p2|Salamence, L50, F|\n|poke|p2|Amoonguss, L50, M|\n|poke|p2|Palafin, L50, M|\n|poke|p2|Ceruledge, L50, F|\n|poke|p2|Flutter Mane, L50|\n|poke|p2|Ting-Lu, L50|\n|teampreview|4\nClementine23 has agreed to open team sheets.\n|c|\u2606Clementine23|Hf\n|c|\u2606Keveloper|u2\n|c|\u2606Keveloper|G1\nKeveloper has agreed to open team sheets.\n|c|\u2606Keveloper|Ready?\n|c|\u2606Clementine23|Yup\n|c|\u2606Keveloper|Glhf\n|inactive|Battle timer is ON: inactive players will automatically lose when time's up. (requested by Keveloper)\n|inactive|Clementine23 has 60 seconds left.\n|inactive|Keveloper has 60 seconds left.\n|inactive|Keveloper has 30 seconds left.\n|inactive|Clementine23 has 30 seconds left.\n|inactive|Keveloper has 20 seconds left.\n|inactive|Clementine23 has 20 seconds left.\n|inactive|Keveloper has 15 seconds left.\n|inactive|Clementine23 has 15 seconds left.\n|inactive|Keveloper has 10 seconds left.\n|inactive|Clementine23 has 10 seconds left.\n|inactive|Keveloper has 5 seconds left.\n|\n|t:|1681664472\n|start\n|switch|p1a: Talonflame|Talonflame, L50, F|100\/100\n|switch|p1b: Chien-Pao|Chien-Pao, L50|100\/100\n|switch|p2a: Salamence|Salamence, L50, F|100\/100\n|switch|p2b: Palafin|Palafin, L50, M|100\/100\n|-ability|p2a: Salamence|Intimidate|boost\n|-unboost|p1a: Talonflame|atk|1\n|-fail|p1b: Chien-Pao|unboost|[from] item: Clear Amulet|[of] p1b: Chien-Pao\n|-ability|p1b: Chien-Pao|Sword of Ruin\n|turn|1\n|inactive|Clementine23 has 30 seconds left.\n|inactive|Keveloper has 30 seconds left.\n|inactive|Keveloper has 20 seconds left.\n|inactive|Keveloper has 15 seconds left.\n|inactive|Keveloper has 10 seconds left.\n|inactive|Keveloper has 5 seconds left.\n|\n|t:|1681664523\n|switch|p2a: Ceruledge|Ceruledge, L50, F|100\/100\n|-terastallize|p2b: Palafin|Water\n|move|p1a: Talonflame|Tailwind|p1a: Talonflame\n|-sidestart|p1: Clementine23|move: Tailwind\n|move|p2b: Palafin|Jet Punch|p1a: Talonflame\n|-supereffective|p1a: Talonflame\n|-damage|p1a: Talonflame|0 fnt\n|faint|p1a: Talonflame\n|move|p1b: Chien-Pao|Ice Spinner|p2a: Ceruledge\n|-resisted|p2a: Ceruledge\n|-damage|p2a: Ceruledge|67\/100\n|\n|upkeep\n|\n|t:|1681664547\n|switch|p1a: Great Tusk|Great Tusk, L50|100\/100\n|turn|2\n|\n|t:|1681664571\n|move|p1b: Chien-Pao|Protect|p1b: Chien-Pao\n|-singleturn|p1b: Chien-Pao|Protect\n|move|p2a: Ceruledge|Protect|p2a: Ceruledge\n|-singleturn|p2a: Ceruledge|Protect\n|move|p2b: Palafin|Protect|p2b: Palafin\n|-singleturn|p2b: Palafin|Protect\n|move|p1a: Great Tusk|Earthquake|p2b: Palafin|[spread] \n|-activate|p1b: Chien-Pao|move: Protect\n|-activate|p2a: Ceruledge|move: Protect\n|-activate|p2b: Palafin|move: Protect\n|\n|upkeep\n|turn|3\n|inactive|Clementine23 has 30 seconds left.\n|inactive|Clementine23 has 20 seconds left.\n|inactive|Clementine23 has 15 seconds left.\n|\n|t:|1681664612\n|detailschange|p2b: Palafin|Palafin-Hero, L50, M, tera:Water\n|switch|p2b: Salamence|Salamence, L50, F|100\/100\n|-ability|p2b: Salamence|Intimidate|boost\n|-unboost|p1a: Great Tusk|atk|1\n|-fail|p1b: Chien-Pao|unboost|[from] item: Clear Amulet|[of] p1b: Chien-Pao\n|move|p2a: Ceruledge|Shadow Sneak|p1a: Great Tusk\n|-damage|p1a: Great Tusk|74\/100\n|-damage|p2a: Ceruledge|57\/100|[from] item: Life Orb\n|move|p1b: Chien-Pao|Sacred Sword|p2b: Salamence\n|-resisted|p2b: Salamence\n|-damage|p2b: Salamence|77\/100\n|move|p1a: Great Tusk|Headlong Rush|p2a: Ceruledge\n|-supereffective|p2a: Ceruledge\n|-damage|p2a: Ceruledge|0 fnt\n|-unboost|p1a: Great Tusk|def|1\n|-unboost|p1a: Great Tusk|spd|1\n|faint|p2a: Ceruledge\n|\n|upkeep\n|\n|t:|1681664633\n|switch|p2a: Palafin|Palafin-Hero, L50, M, tera:Water|100\/100\n|-activate|p2a: Palafin|ability: Zero to Hero\n|turn|4\n|\n|t:|1681664656\n|switch|p2b: Amoonguss|Amoonguss, L50, M|100\/100\n|-terastallize|p1a: Great Tusk|Steel\n|move|p2a: Palafin|Jet Punch|p1b: Chien-Pao\n|-damage|p1b: Chien-Pao|17\/100\n|move|p1b: Chien-Pao|Ice Spinner|p2b: Amoonguss\n|-supereffective|p2b: Amoonguss\n|-damage|p2b: Amoonguss|14\/100\n|move|p1a: Great Tusk|Headlong Rush|p2a: Palafin\n|-damage|p2a: Palafin|42\/100\n|-unboost|p1a: Great Tusk|def|1\n|-unboost|p1a: Great Tusk|spd|1\n|\n|-sideend|p1: Clementine23|move: Tailwind\n|upkeep\n|turn|5\n|inactive|Clementine23 has 30 seconds left.\n|inactive|Keveloper has 30 seconds left.\n|inactive|Clementine23 has 20 seconds left.\n|inactive|Clementine23 has 15 seconds left.\n|inactive|Clementine23 has 10 seconds left.\n|\n|t:|1681664706\n|move|p2a: Palafin|Protect|p2a: Palafin\n|-singleturn|p2a: Palafin|Protect\n|move|p1b: Chien-Pao|Sucker Punch||[still]\n|-fail|p1b: Chien-Pao\n|move|p1a: Great Tusk|Headlong Rush|p2b: Amoonguss\n|-damage|p2b: Amoonguss|0 fnt\n|-unboost|p1a: Great Tusk|def|1\n|-unboost|p1a: Great Tusk|spd|1\n|faint|p2b: Amoonguss\n|\n|upkeep\n|\n|t:|1681664713\n|switch|p2b: Salamence|Salamence, L50, F|77\/100\n|-ability|p2b: Salamence|Intimidate|boost\n|-unboost|p1a: Great Tusk|atk|1\n|-fail|p1b: Chien-Pao|unboost|[from] item: Clear Amulet|[of] p1b: Chien-Pao\n|turn|6\n|\n|t:|1681664729\n|-end|p1a: Great Tusk|Protosynthesis|[silent]\n|switch|p1a: Gholdengo|Gholdengo, L50|100\/100\n|move|p1b: Chien-Pao|Protect|p1b: Chien-Pao\n|-singleturn|p1b: Chien-Pao|Protect\n|move|p2a: Palafin|Protect||[still]\n|-fail|p2a: Palafin\n|move|p2b: Salamence|Flamethrower|p1b: Chien-Pao\n|-activate|p1b: Chien-Pao|move: Protect\n|\n|upkeep\n|turn|7\n|inactive|Clementine23 has 30 seconds left.\n|\n|t:|1681664757\n|move|p1b: Chien-Pao|Sucker Punch|p2b: Salamence\n|-damage|p2b: Salamence|26\/100\n|move|p2a: Palafin|Jet Punch|p1b: Chien-Pao\n|-damage|p1b: Chien-Pao|0 fnt\n|faint|p1b: Chien-Pao\n|move|p2b: Salamence|Flamethrower|p1a: Gholdengo\n|-supereffective|p1a: Gholdengo\n|-damage|p1a: Gholdengo|36\/100\n|-status|p1a: Gholdengo|brn\n|move|p1a: Gholdengo|Shadow Ball|p2b: Salamence\n|-damage|p2b: Salamence|0 fnt\n|faint|p2b: Salamence\n|-damage|p1a: Gholdengo|26\/100 brn|[from] item: Life Orb\n|\n|-damage|p1a: Gholdengo|20\/100 brn|[from] brn\n|upkeep\n|\n|t:|1681664765\n|switch|p1b: Great Tusk|Great Tusk, L50, tera:Steel|74\/100\n|turn|8\n|\n|t:|1681664780\n|move|p2a: Palafin|Protect|p2a: Palafin\n|-singleturn|p2a: Palafin|Protect\n|move|p1b: Great Tusk|Headlong Rush|p2a: Palafin\n|-activate|p2a: Palafin|move: Protect\n|move|p1a: Gholdengo|Shadow Ball|p2a: Palafin\n|-activate|p2a: Palafin|move: Protect\n|\n|-damage|p1a: Gholdengo|13\/100 brn|[from] brn\n|upkeep\n|turn|9\n|\n|t:|1681664798\n|move|p2a: Palafin|Jet Punch|p1b: Great Tusk\n|-damage|p1b: Great Tusk|28\/100\n|move|p1b: Great Tusk|Headlong Rush|p2a: Palafin\n|-damage|p2a: Palafin|0 fnt\n|-unboost|p1b: Great Tusk|def|1\n|-unboost|p1b: Great Tusk|spd|1\n|faint|p2a: Palafin\n|\n|win|Clementine23\n|c|\u2606Keveloper|gg\n|l|\u2606Clementine23\n","uploadtime":1681664801,"views":18,"p1id":"clementine23","p2id":"keveloper","formatid":"gen9vgc2023regulationc","rating":0,"private":0,"password":""}