{"id":"gen9vgc2023regulationc-1864059505","p1":"Chris Numbers","p2":"MinimanYT","format":"[Gen 9] VGC 2023 Regulation C","log":"|j|\u2606Chris Numbers\n|j|\u2606MinimanYT\n|t:|1684111715\n|gametype|doubles\n|player|p1|Chris Numbers|#teamballo2023|\n|player|p2|MinimanYT|iris|\n|teamsize|p1|6\n|teamsize|p2|6\n|gen|9\n|tier|[Gen 9] VGC 2023 Regulation C\n|rule|Species Clause: Limit one of each Pok\u00e9mon\n|rule|Item Clause: Limit one of each item\n|clearpoke\n|poke|p1|Iron Bundle, L50|\n|poke|p1|Gholdengo, L50|\n|poke|p1|Great Tusk, L50|\n|poke|p1|Arcanine, L50, M|\n|poke|p1|Iron Jugulis, L50|\n|poke|p1|Gothorita, L50, M|\n|poke|p2|Iron Hands, L50|\n|poke|p2|Palafin, L50, M|\n|poke|p2|Gengar, L50, M|\n|poke|p2|Gothitelle, L50, M|\n|poke|p2|Rotom-Heat, L50|\n|poke|p2|Brute Bonnet, L50|\n|teampreview|4\n|inactive|Battle timer is ON: inactive players will automatically lose when time's up. (requested by Chris Numbers)\n|c|\u2606MinimanYT|g1\n|inactiveoff|Battle timer is now OFF.\n|j| vinithewini\n|c|\u2606Chris Numbers|Glhf\n|inactive|Battle timer is ON: inactive players will automatically lose when time's up. (requested by Chris Numbers)\n|inactiveoff|Battle timer is now OFF.\n|c|\u2606Chris Numbers|My b are you linking\n|c|\u2606MinimanYT|nah ur good\n|c|\u2606Chris Numbers|Lemme link rq\n|j| THO Plexiglass\n|j| PP Royal Doragon\n|\n|t:|1684111896\n|start\n|switch|p1a: Great Tusk|Great Tusk, L50|100\/100\n|switch|p1b: Iron Bundle|Iron Bundle, L50|100\/100\n|switch|p2a: kuma|Iron Hands, L50|100\/100\n|switch|p2b: jimbei|Palafin, L50, M|100\/100\n|-enditem|p1b: Iron Bundle|Booster Energy\n|-activate|p1b: Iron Bundle|ability: Quark Drive|[fromitem]\n|-start|p1b: Iron Bundle|quarkdrivespe\n|turn|1\n|j| RoyalDoragonVGC\n|j| S2G Rin\n|j| Feyette\n|j| DeskSmash\n|j| Lemurro\n|\n|t:|1684111945\n|detailschange|p2b: jimbei|Palafin-Hero, L50, M\n|switch|p2b: boa|Gothitelle, L50, M|100\/100\n|move|p2a: kuma|Fake Out|p1a: Great Tusk\n|-damage|p1a: Great Tusk|89\/100\n|move|p1b: Iron Bundle|Freeze-Dry|p2b: boa\n|-damage|p2b: boa|71\/100\n|cant|p1a: Great Tusk|flinch\n|\n|-heal|p2b: boa|77\/100|[from] item: Leftovers\n|upkeep\n|turn|2\n|j| Hiiya Papaya\n|l| Hiiya Papaya\n|\n|t:|1684111989\n|move|p2b: boa|Fake Out|p1a: Great Tusk\n|-damage|p1a: Great Tusk|85\/100\n|move|p1b: Iron Bundle|Encore|p2a: kuma\n|-start|p2a: kuma|Encore\n|cant|p1a: Great Tusk|flinch\n|move|p2a: kuma|Fake Out||[still]\n|-hint|Fake Out only works on your first turn out.\n|-fail|p2a: kuma\n|\n|-heal|p2b: boa|84\/100|[from] item: Leftovers\n|upkeep\n|turn|3\n|j| Hiiya Papaya\n|l| Hiiya Papaya\n|\n|t:|1684112031\n|-end|p2a: kuma|Quark Drive|[silent]\n|switch|p2a: jimbei|Palafin-Hero, L50, M|100\/100\n|-activate|p2a: jimbei|ability: Zero to Hero\n|move|p2b: boa|Protect|p2b: boa\n|-singleturn|p2b: boa|Protect\n|move|p1b: Iron Bundle|Freeze-Dry|p2b: boa\n|-activate|p2b: boa|move: Protect\n|move|p1a: Great Tusk|Rock Slide|p2a: jimbei|[spread] p2a\n|-activate|p2b: boa|move: Protect\n|-damage|p2a: jimbei|80\/100\n|\n|-heal|p2b: boa|90\/100|[from] item: Leftovers\n|upkeep\n|turn|4\n|j| ester<3\n|j| Hiiya Papaya\n|j| naclpack\n|l| Hiiya Papaya\n|j| M1so\n|\n|t:|1684112077\n|switch|p2b: kuma|Iron Hands, L50|100\/100\n|move|p2a: jimbei|Protect|p2a: jimbei\n|-singleturn|p2a: jimbei|Protect\n|move|p1b: Iron Bundle|Freeze-Dry|p2a: jimbei\n|-activate|p2a: jimbei|move: Protect\n|move|p1a: Great Tusk|Rock Slide|p2a: jimbei|[spread] p2b\n|-activate|p2a: jimbei|move: Protect\n|-resisted|p2b: kuma\n|-damage|p2b: kuma|94\/100\n|\n|upkeep\n|turn|5\n|j| Hiiya Papaya\n|l| Hiiya Papaya\n|\n|t:|1684112118\n|switch|p2a: boa|Gothitelle, L50, M|90\/100\n|move|p1b: Iron Bundle|Protect|p1b: Iron Bundle\n|-singleturn|p1b: Iron Bundle|Protect\n|move|p1a: Great Tusk|Protect|p1a: Great Tusk\n|-singleturn|p1a: Great Tusk|Protect\n|move|p2b: kuma|Wild Charge|p1b: Iron Bundle\n|-activate|p1b: Iron Bundle|move: Protect\n|\n|-heal|p2a: boa|96\/100|[from] item: Leftovers\n|upkeep\n|turn|6\n|\n|t:|1684112143\n|move|p1b: Iron Bundle|Encore||[still]\n|-fail|p1b: Iron Bundle\n|move|p1a: Great Tusk|Headlong Rush|p2b: kuma\n|-supereffective|p2b: kuma\n|-damage|p2b: kuma|2\/100\n|-unboost|p1a: Great Tusk|def|1\n|-unboost|p1a: Great Tusk|spd|1\n|move|p2a: boa|Psychic|p1a: Great Tusk\n|-supereffective|p1a: Great Tusk\n|-damage|p1a: Great Tusk|0 fnt\n|faint|p1a: Great Tusk\n|-end|p1a: Great Tusk|Protosynthesis|[silent]\n|move|p2b: kuma|Wild Charge|p1b: Iron Bundle\n|-supereffective|p1b: Iron Bundle\n|-damage|p1b: Iron Bundle|0 fnt\n|faint|p1b: Iron Bundle\n|-end|p1b: Iron Bundle|Quark Drive|[silent]\n|-damage|p2b: kuma|0 fnt|[from] Recoil\n|faint|p2b: kuma\n|-end|p2b: kuma|Quark Drive|[silent]\n|\n|-heal|p2a: boa|100\/100|[from] item: Leftovers\n|upkeep\n|\n|t:|1684112161\n|switch|p1b: Gholdengo|Gholdengo, L50|100\/100\n|switch|p1a: Arcanine|Arcanine, L50, M|100\/100\n|switch|p2b: jimbei|Palafin-Hero, L50, M|80\/100\n|-ability|p1a: Arcanine|Intimidate|boost\n|-unboost|p2a: boa|atk|1\n|-unboost|p2b: jimbei|atk|1\n|turn|7\n|\n|t:|1684112196\n|-terastallize|p1a: Arcanine|Grass\n|-terastallize|p2b: jimbei|Water\n|move|p2a: boa|Helping Hand|p2b: jimbei\n|-singleturn|p2b: jimbei|Helping Hand|[of] p2a: boa\n|move|p1b: Gholdengo|Shadow Ball|p2a: boa\n|-supereffective|p2a: boa\n|-damage|p2a: boa|18\/100\n|move|p1a: Arcanine|Will-O-Wisp|p2b: jimbei|[miss]\n|-miss|p1a: Arcanine|p2b: jimbei\n|move|p2b: jimbei|Wave Crash|p1b: Gholdengo\n|-damage|p1b: Gholdengo|0 fnt\n|faint|p1b: Gholdengo\n|-damage|p2b: jimbei|52\/100|[from] Recoil\n|\n|-heal|p2a: boa|24\/100|[from] item: Leftovers\n|upkeep\n|turn|8\n|c| Feyette|goat\n|c| THO Plexiglass|GOOBED\n|c| THO Plexiglass|GOAT\n|c| RoyalDoragonVGC|GOOBED\n|c| M1so|lmao\n|c| Feyette|doragoned\n|-message|Chris Numbers forfeited.\n|\n|win|MinimanYT\n|c|\u2606Chris Numbers|Gg1\n|l| DeskSmash\n|j| Hiiya Papaya\n|c|\u2606Chris Numbers|https:\/\/play.pokemonshowdown.com\/battle-gen9vgc2023regulationc-1864059642\n|l| PP Royal Doragon\n|l| Lemurro\n|l| ester<3\n|j| ester<3\n|l| ester<3\n|l| Hiiya Papaya\n|j| legonene\n|j| Hiiya Papaya\n|l| vinithewini\n|j| Eragon11145\n|l| Eragon11145\n|l| Hiiya Papaya\n|j| Bananacrazy111\n|j| Eragon11145\n|l| legonene\n|l| Feyette\n|l| S2G Rin\n|l| Eragon11145\n|l| THO Plexiglass\n","uploadtime":1684112631,"views":24,"p1id":"chrisnumbers","p2id":"minimanyt","formatid":"gen9vgc2023regulationc","rating":0,"private":0,"password":""}