{"id":"gen9vgc2023regulationc-1847648780","p1":"Affeed","p2":"BlindMagneton","format":"[Gen 9] VGC 2023 Regulation C","log":"|j|\u2606Affeed\n|j|\u2606BlindMagneton\n|t:|1681987417\n|gametype|doubles\n|player|p1|Affeed|n|1144\n|player|p2|BlindMagneton|wattson|1180\n|teamsize|p1|6\n|teamsize|p2|6\n|gen|9\n|tier|[Gen 9] VGC 2023 Regulation C\n|rated|\n|rule|Species Clause: Limit one of each Pok\u00e9mon\n|rule|Item Clause: Limit one of each item\n|clearpoke\n|poke|p1|Dragonite, L50, F|\n|poke|p1|Brute Bonnet, L50|\n|poke|p1|Arcanine, L50, F|\n|poke|p1|Torkoal, L50, M|\n|poke|p1|Palafin, L50, M|\n|poke|p1|Gyarados, L50, M|\n|poke|p2|Iron Bundle, L50|\n|poke|p2|Palafin, L50, M|\n|poke|p2|Ceruledge, L50, F|\n|poke|p2|Grimmsnarl, L50, M|\n|poke|p2|Dachsbun, L50, M|\n|poke|p2|Dragapult, L50, M|\n|teampreview|4\n|inactive|Battle timer is ON: inactive players will automatically lose when time's up. (requested by Affeed)\n|inactive|BlindMagneton has 60 seconds left.\n|\n|t:|1681987475\n|start\n|switch|p1a: Gyarados|Gyarados, L50, M|100\/100\n|switch|p1b: Brute Bonnet|Brute Bonnet, L50|100\/100\n|switch|p2a: Grimmsnarl|Grimmsnarl, L50, M|100\/100\n|switch|p2b: Dragapult|Dragapult, L50, M|100\/100\n|-ability|p1a: Gyarados|Intimidate|boost\n|-unboost|p2a: Grimmsnarl|atk|1\n|-fail|p2b: Dragapult|unboost|[from] ability: Clear Body|[of] p2b: Dragapult\n|turn|1\n|inactive|BlindMagneton has 30 seconds left.\n|\n|t:|1681987509\n|-terastallize|p2b: Dragapult|Fairy\n|move|p2a: Grimmsnarl|Swagger|p1a: Gyarados\n|-boost|p1a: Gyarados|atk|2\n|-enditem|p2b: Dragapult|Mirror Herb\n|-boost|p2b: Dragapult|atk|2|[from] item: Mirror Herb\n|-start|p1a: Gyarados|confusion\n|move|p2b: Dragapult|Acrobatics|p1b: Brute Bonnet\n|-supereffective|p1b: Brute Bonnet\n|-damage|p1b: Brute Bonnet|0 fnt\n|faint|p1b: Brute Bonnet\n|-end|p1b: Brute Bonnet|Protosynthesis|[silent]\n|-activate|p1a: Gyarados|confusion\n|move|p1a: Gyarados|Dragon Dance|p1a: Gyarados\n|-boost|p1a: Gyarados|atk|1\n|-boost|p1a: Gyarados|spe|1\n|\n|upkeep\n|\n|t:|1681987525\n|switch|p1b: Dragonite|Dragonite, L50, F|100\/100\n|turn|2\n|\n|t:|1681987544\n|move|p2a: Grimmsnarl|Thunder Wave|p1a: Gyarados\n|-status|p1a: Gyarados|par\n|move|p2b: Dragapult|Phantom Force||[still]\n|-prepare|p2b: Dragapult|Phantom Force\n|move|p1b: Dragonite|Outrage|p2a: Grimmsnarl\n|-immune|p2a: Grimmsnarl\n|-activate|p1a: Gyarados|confusion\n|cant|p1a: Gyarados|par\n|\n|upkeep\n|turn|3\n|inactive|BlindMagneton has 30 seconds left.\n|\n|t:|1681987571\n|move|p2b: Dragapult|Phantom Force|p1a: Gyarados|[from]lockedmove\n|-damage|p1a: Gyarados|5\/100 par\n|-enditem|p1a: Gyarados|Sitrus Berry|[eat]\n|-heal|p1a: Gyarados|30\/100 par|[from] item: Sitrus Berry\n|move|p2a: Grimmsnarl|Drain Punch|p1a: Gyarados\n|-resisted|p1a: Gyarados\n|-damage|p1a: Gyarados|20\/100 par\n|move|p1b: Dragonite|Ice Punch|p2a: Grimmsnarl\n|-damage|p2a: Grimmsnarl|58\/100\n|-end|p1a: Gyarados|confusion\n|move|p1a: Gyarados|Earthquake|p2a: Grimmsnarl|[spread] p2a,p2b\n|-immune|p1b: Dragonite\n|-damage|p2a: Grimmsnarl|0 fnt\n|-damage|p2b: Dragapult|13\/100\n|faint|p2a: Grimmsnarl\n|\n|upkeep\n|\n|t:|1681987594\n|switch|p2a: Iron Bundle|Iron Bundle, L50|100\/100\n|-enditem|p2a: Iron Bundle|Booster Energy\n|-activate|p2a: Iron Bundle|ability: Quark Drive|[fromitem]\n|-start|p2a: Iron Bundle|quarkdrivespe\n|turn|4\n|inactive|BlindMagneton has 30 seconds left.\n|\n|t:|1681987622\n|switch|p2b: Ceruledge|Ceruledge, L50, F|100\/100\n|move|p1b: Dragonite|Extreme Speed|p2b: Ceruledge\n|-immune|p2b: Ceruledge\n|move|p2a: Iron Bundle|Freeze-Dry|p1a: Gyarados\n|-supereffective|p1a: Gyarados\n|-damage|p1a: Gyarados|0 fnt\n|faint|p1a: Gyarados\n|\n|upkeep\n|\n|t:|1681987633\n|switch|p1a: Arcanine|Arcanine, L50, F|100\/100\n|-ability|p1a: Arcanine|Intimidate|boost\n|-unboost|p2a: Iron Bundle|atk|1\n|-fail|p2b: Ceruledge|unboost|[from] item: Clear Amulet|[of] p2b: Ceruledge\n|turn|5\n|inactive|Affeed has 30 seconds left.\n|\n|t:|1681987661\n|-terastallize|p1b: Dragonite|Normal\n|move|p1a: Arcanine|Extreme Speed|p2a: Iron Bundle\n|-damage|p2a: Iron Bundle|64\/100\n|move|p2a: Iron Bundle|Encore|p1b: Dragonite\n|-start|p1b: Dragonite|Encore\n|move|p2b: Ceruledge|Bulk Up|p2b: Ceruledge\n|-boost|p2b: Ceruledge|atk|1\n|-boost|p2b: Ceruledge|def|1\n|move|p1b: Dragonite|Extreme Speed|p2b: Ceruledge\n|-immune|p2b: Ceruledge\n|\n|upkeep\n|turn|6\n|inactive|Affeed has 30 seconds left.\n|\n|t:|1681987690\n|move|p2a: Iron Bundle|Protect|p2a: Iron Bundle\n|-singleturn|p2a: Iron Bundle|Protect\n|move|p1b: Dragonite|Extreme Speed|p2a: Iron Bundle\n|-activate|p2a: Iron Bundle|move: Protect\n|move|p1a: Arcanine|Thunder Fang|p2b: Ceruledge\n|-damage|p2b: Ceruledge|85\/100\n|move|p2b: Ceruledge|Bulk Up|p2b: Ceruledge\n|-boost|p2b: Ceruledge|atk|1\n|-boost|p2b: Ceruledge|def|1\n|\n|upkeep\n|turn|7\n|inactive|Affeed has 30 seconds left.\n|inactive|BlindMagneton has 30 seconds left.\n|\n|t:|1681987717\n|move|p1b: Dragonite|Extreme Speed|p2a: Iron Bundle\n|-damage|p2a: Iron Bundle|5\/100\n|move|p2a: Iron Bundle|Freeze-Dry|p1b: Dragonite\n|-damage|p1b: Dragonite|85\/100\n|move|p1a: Arcanine|Thunder Fang|p2a: Iron Bundle\n|-supereffective|p2a: Iron Bundle\n|-damage|p2a: Iron Bundle|0 fnt\n|faint|p2a: Iron Bundle\n|-end|p2a: Iron Bundle|Quark Drive|[silent]\n|move|p2b: Ceruledge|Bitter Blade|p1b: Dragonite\n|-damage|p1b: Dragonite|3\/100\n|-heal|p2b: Ceruledge|100\/100|[from] drain|[of] p1b: Dragonite\n|\n|-end|p1b: Dragonite|Encore\n|upkeep\n|\n|t:|1681987731\n|switch|p2a: Dragapult|Dragapult, L50, M, tera:Fairy|13\/100\n|turn|8\n|\n|t:|1681987743\n|move|p1a: Arcanine|Extreme Speed|p2a: Dragapult\n|-damage|p2a: Dragapult|0 fnt\n|faint|p2a: Dragapult\n|move|p2b: Ceruledge|Bitter Blade|p1b: Dragonite\n|-damage|p1b: Dragonite|0 fnt\n|faint|p1b: Dragonite\n|\n|upkeep\n|turn|9\n|\n|t:|1681987756\n|move|p1a: Arcanine|Thunder Fang|p2b: Ceruledge\n|-damage|p2b: Ceruledge|88\/100\n|move|p2b: Ceruledge|Bitter Blade|p1a: Arcanine\n|-resisted|p1a: Arcanine\n|-damage|p1a: Arcanine|53\/100\n|-heal|p2b: Ceruledge|100\/100|[from] drain|[of] p1a: Arcanine\n|\n|upkeep\n|turn|10\n|\n|t:|1681987765\n|move|p1a: Arcanine|Flare Blitz|p2b: Ceruledge\n|-start|p2b: Ceruledge|ability: Flash Fire\n|move|p2b: Ceruledge|Bitter Blade|p1a: Arcanine\n|-resisted|p1a: Arcanine\n|-damage|p1a: Arcanine|0 fnt\n|faint|p1a: Arcanine\n|\n|win|BlindMagneton\n|raw|Affeed's rating: 1144 → 1122<\/strong> (-22 for losing)\n|raw|BlindMagneton's rating: 1180 → 1202<\/strong> (+22 for winning)\n","uploadtime":1681987775,"views":14,"p1id":"affeed","p2id":"blindmagneton","formatid":"gen9vgc2023regulationc","rating":1122,"private":0,"password":""}