{"id":"gen9vgc2023regulationc-1863233609","p1":"votingblocks","p2":"oojclops","format":"[Gen 9] VGC 2023 Regulation C","log":"|j|\u2606votingblocks\n|j|\u2606oojclops\n|t:|1683991684\n|gametype|doubles\n|player|p1|votingblocks|backpacker|1035\n|player|p2|oojclops|rocketgruntf|1067\n|teamsize|p1|6\n|teamsize|p2|6\n|gen|9\n|tier|[Gen 9] VGC 2023 Regulation C\n|rated|\n|rule|Species Clause: Limit one of each Pok\u00e9mon\n|rule|Item Clause: Limit one of each item\n|clearpoke\n|poke|p1|Iron Bundle, L50|\n|poke|p1|Dragonite, L50, F|\n|poke|p1|Amoonguss, L50, M|\n|poke|p1|Chien-Pao, L50|\n|poke|p1|Flutter Mane, L50|\n|poke|p1|Arcanine, L50, F|\n|poke|p2|Arcanine, L50, F|\n|poke|p2|Flutter Mane, L50|\n|poke|p2|Kingambit, L50, F|\n|poke|p2|Gothitelle, L50, F|\n|poke|p2|Maushold, L50|\n|poke|p2|Breloom, L50, F|\n|teampreview|4\n|inactive|Battle timer is ON: inactive players will automatically lose when time's up. (requested by oojclops)\n|inactive|votingblocks has 60 seconds left.\n|inactive|oojclops has 60 seconds left.\n|\n|t:|1683991736\n|start\n|switch|p1a: Chien-Pao|Chien-Pao, L50|100\/100\n|switch|p1b: Dragonite|Dragonite, L50, F|100\/100\n|switch|p2a: Gothitelle|Gothitelle, L50, F|100\/100\n|switch|p2b: Arcanine|Arcanine, L50, F|100\/100\n|-ability|p1a: Chien-Pao|Sword of Ruin\n|-ability|p2b: Arcanine|Intimidate|boost\n|-unboost|p1a: Chien-Pao|atk|1\n|-unboost|p1b: Dragonite|atk|1\n|turn|1\n|inactive|votingblocks has 30 seconds left.\n|inactive|votingblocks has 20 seconds left.\n|inactive|oojclops has 30 seconds left.\n|\n|t:|1683991774\n|move|p1a: Chien-Pao|Protect|p1a: Chien-Pao\n|-singleturn|p1a: Chien-Pao|Protect\n|move|p2a: Gothitelle|Fake Out|p1a: Chien-Pao\n|-activate|p1a: Chien-Pao|move: Protect\n|move|p2b: Arcanine|Will-O-Wisp|p1b: Dragonite\n|-status|p1b: Dragonite|brn\n|move|p1b: Dragonite|Earthquake|p2a: Gothitelle|[spread] p2a,p2b\n|-activate|p1a: Chien-Pao|move: Protect\n|-supereffective|p2b: Arcanine\n|-damage|p2a: Gothitelle|87\/100\n|-damage|p2b: Arcanine|75\/100\n|\n|-damage|p1b: Dragonite|95\/100 brn|[from] brn\n|upkeep\n|turn|2\n|inactive|votingblocks has 30 seconds left.\n|inactive|oojclops has 30 seconds left.\n|\n|t:|1683991807\n|switch|p2a: Breloom|Breloom, L50, F|100\/100\n|move|p1a: Chien-Pao|Sucker Punch||[still]\n|-fail|p1a: Chien-Pao\n|move|p2b: Arcanine|Will-O-Wisp|p1a: Chien-Pao\n|-status|p1a: Chien-Pao|brn\n|move|p1b: Dragonite|Aerial Ace|p2b: Arcanine\n|-damage|p2b: Arcanine|61\/100\n|\n|-damage|p1a: Chien-Pao|95\/100 brn|[from] brn\n|-damage|p1b: Dragonite|89\/100 brn|[from] brn\n|upkeep\n|turn|3\n|\n|t:|1683991831\n|switch|p2b: Flutter Mane|Flutter Mane, L50|100\/100\n|-enditem|p2b: Flutter Mane|Booster Energy\n|-activate|p2b: Flutter Mane|ability: Protosynthesis|[fromitem]\n|-start|p2b: Flutter Mane|protosynthesisspe\n|move|p2a: Breloom|Mach Punch|p1a: Chien-Pao\n|-supereffective|p1a: Chien-Pao\n|-crit|p1a: Chien-Pao\n|-damage|p1a: Chien-Pao|0 fnt\n|faint|p1a: Chien-Pao\n|move|p1b: Dragonite|Aerial Ace|p2a: Breloom\n|-supereffective|p2a: Breloom\n|-damage|p2a: Breloom|43\/100\n|\n|-damage|p1b: Dragonite|83\/100 brn|[from] brn\n|upkeep\n|inactive|votingblocks has 30 seconds left.\n|inactive|votingblocks has 20 seconds left.\n|inactive|votingblocks has 15 seconds left.\n|inactive|votingblocks has 10 seconds left.\n|\n|t:|1683991879\n|switch|p1a: Flutter Mane|Flutter Mane, L50|100\/100\n|turn|4\n|\n|t:|1683991892\n|move|p1a: Flutter Mane|Protect|p1a: Flutter Mane\n|-singleturn|p1a: Flutter Mane|Protect\n|move|p2a: Breloom|Protect|p2a: Breloom\n|-singleturn|p2a: Breloom|Protect\n|move|p2b: Flutter Mane|Icy Wind|p1a: Flutter Mane|[spread] \n|-activate|p1a: Flutter Mane|move: Protect\n|-miss|p2b: Flutter Mane|p1b: Dragonite\n|move|p1b: Dragonite|Aerial Ace|p2a: Breloom\n|-activate|p2a: Breloom|move: Protect\n|\n|-damage|p1b: Dragonite|77\/100 brn|[from] brn\n|upkeep\n|turn|5\n|\n|t:|1683991915\n|-end|p1a: Flutter Mane|Protosynthesis|[silent]\n|switch|p1a: Iron Bundle|Iron Bundle, L50|100\/100\n|-enditem|p1a: Iron Bundle|Booster Energy\n|-activate|p1a: Iron Bundle|ability: Quark Drive|[fromitem]\n|-start|p1a: Iron Bundle|quarkdrivespe\n|switch|p2a: Gothitelle|Gothitelle, L50, F|87\/100\n|move|p2b: Flutter Mane|Icy Wind|p1b: Dragonite|[spread] p1a,p1b\n|-resisted|p1a: Iron Bundle\n|-supereffective|p1b: Dragonite\n|-damage|p1a: Iron Bundle|94\/100\n|-damage|p1b: Dragonite|30\/100 brn\n|-unboost|p1a: Iron Bundle|spe|1\n|-unboost|p1b: Dragonite|spe|1\n|move|p1b: Dragonite|Aerial Ace|p2a: Gothitelle\n|-damage|p2a: Gothitelle|73\/100\n|\n|-damage|p1b: Dragonite|24\/100 brn|[from] brn\n|upkeep\n|turn|6\n|inactive|oojclops has 30 seconds left.\n|inactive|oojclops has 20 seconds left.\n|inactive|oojclops has 15 seconds left.\n|\n|t:|1683991959\n|-terastallize|p1b: Dragonite|Steel\n|move|p2a: Gothitelle|Fake Out|p1a: Iron Bundle\n|-damage|p1a: Iron Bundle|87\/100\n|move|p2b: Flutter Mane|Icy Wind|p1a: Iron Bundle|[spread] p1a,p1b\n|-resisted|p1a: Iron Bundle\n|-resisted|p1b: Dragonite\n|-damage|p1a: Iron Bundle|81\/100\n|-damage|p1b: Dragonite|19\/100 brn\n|-unboost|p1a: Iron Bundle|spe|1\n|-unboost|p1b: Dragonite|spe|1\n|cant|p1a: Iron Bundle|flinch\n|move|p1b: Dragonite|Iron Head|p2b: Flutter Mane\n|-supereffective|p2b: Flutter Mane\n|-damage|p2b: Flutter Mane|61\/100\n|\n|-damage|p1b: Dragonite|13\/100 brn|[from] brn\n|upkeep\n|turn|7\n|inactive|votingblocks has 30 seconds left.\n|inactive|oojclops has 30 seconds left.\n|inactive|votingblocks has 20 seconds left.\n|inactive|oojclops has 20 seconds left.\n|inactive|oojclops has 15 seconds left.\n|\n|t:|1683992000\n|move|p2b: Flutter Mane|Icy Wind|p1a: Iron Bundle|[spread] p1a,p1b\n|-resisted|p1a: Iron Bundle\n|-resisted|p1b: Dragonite\n|-damage|p1a: Iron Bundle|75\/100\n|-damage|p1b: Dragonite|6\/100 brn\n|-unboost|p1a: Iron Bundle|spe|1\n|-unboost|p1b: Dragonite|spe|1\n|move|p1a: Iron Bundle|Hydro Pump|p2b: Flutter Mane\n|-damage|p2b: Flutter Mane|13\/100\n|move|p2a: Gothitelle|Psychic|p1b: Dragonite\n|-resisted|p1b: Dragonite\n|-damage|p1b: Dragonite|0 fnt\n|faint|p1b: Dragonite\n|\n|upkeep\n|\n|t:|1683992011\n|switch|p1b: Flutter Mane|Flutter Mane, L50|100\/100\n|turn|8\n|inactive|oojclops has 30 seconds left.\n|inactive|oojclops has 20 seconds left.\n|inactive|oojclops has 15 seconds left.\n|inactive|oojclops has 10 seconds left.\n|\n|t:|1683992058\n|move|p1b: Flutter Mane|Protect|p1b: Flutter Mane\n|-singleturn|p1b: Flutter Mane|Protect\n|move|p2a: Gothitelle|Protect|p2a: Gothitelle\n|-singleturn|p2a: Gothitelle|Protect\n|move|p2b: Flutter Mane|Shadow Ball|p1b: Flutter Mane\n|-activate|p1b: Flutter Mane|move: Protect\n|move|p1a: Iron Bundle|Freeze-Dry|p2b: Flutter Mane\n|-damage|p2b: Flutter Mane|0 fnt\n|faint|p2b: Flutter Mane\n|-end|p2b: Flutter Mane|Protosynthesis|[silent]\n|\n|upkeep\n|\n|t:|1683992064\n|switch|p2b: Arcanine|Arcanine, L50, F|61\/100\n|-ability|p2b: Arcanine|Intimidate|boost\n|-unboost|p1a: Iron Bundle|atk|1\n|-unboost|p1b: Flutter Mane|atk|1\n|turn|9\n|inactive|oojclops has 30 seconds left.\n|\n|t:|1683992094\n|-terastallize|p2b: Arcanine|Water\n|move|p2a: Gothitelle|Protect||[still]\n|-fail|p2a: Gothitelle\n|move|p1b: Flutter Mane|Shadow Ball|p2a: Gothitelle\n|-supereffective|p2a: Gothitelle\n|-damage|p2a: Gothitelle|7\/100\n|move|p1a: Iron Bundle|Hydro Pump|p2b: Arcanine\n|-resisted|p2b: Arcanine\n|-damage|p2b: Arcanine|34\/100\n|move|p2b: Arcanine|Flare Blitz|p1b: Flutter Mane\n|-damage|p1b: Flutter Mane|0 fnt\n|faint|p1b: Flutter Mane\n|-end|p1b: Flutter Mane|Protosynthesis|[silent]\n|-damage|p2b: Arcanine|12\/100|[from] Recoil\n|\n|upkeep\n|turn|10\n|inactive|oojclops has 30 seconds left.\n|\n|t:|1683992128\n|move|p2b: Arcanine|Protect|p2b: Arcanine\n|-singleturn|p2b: Arcanine|Protect\n|move|p1a: Iron Bundle|Freeze-Dry|p2b: Arcanine\n|-activate|p2b: Arcanine|move: Protect\n|move|p2a: Gothitelle|Psychic|p1a: Iron Bundle\n|-damage|p1a: Iron Bundle|17\/100\n|\n|upkeep\n|turn|11\n|\n|t:|1683992143\n|move|p2a: Gothitelle|Fake Out||[still]\n|-hint|Fake Out only works on your first turn out.\n|-fail|p2a: Gothitelle\n|move|p2b: Arcanine|Extreme Speed|p1a: Iron Bundle\n|-damage|p1a: Iron Bundle|0 fnt\n|faint|p1a: Iron Bundle\n|-end|p1a: Iron Bundle|Quark Drive|[silent]\n|\n|win|oojclops\n|raw|votingblocks's rating: 1035 → 1021<\/strong> (-14 for losing)\n|raw|oojclops's rating: 1067 → 1094<\/strong> (+27 for winning)\n|c|\u2606oojclops|Ggs\n|l|\u2606votingblocks\n","uploadtime":1683992152,"views":5,"p1id":"votingblocks","p2id":"oojclops","formatid":"gen9vgc2023regulationc","rating":1021,"private":0,"password":""}