{"id":"gen9vgc2023regulationc-1845988786","p1":"Frostail king yt","p2":"Noutong","format":"[Gen 9] VGC 2023 Regulation C","log":"|j|\u2606Frostail king yt\n|j|\u2606Noutong\n|t:|1681787880\n|gametype|doubles\n|player|p1|Frostail king yt|wallace|1106\n|player|p2|Noutong|cynthia-gen7|1153\n|teamsize|p1|6\n|teamsize|p2|6\n|gen|9\n|tier|[Gen 9] VGC 2023 Regulation C\n|rated|\n|rule|Species Clause: Limit one of each Pok\u00e9mon\n|rule|Item Clause: Limit one of each item\n|clearpoke\n|poke|p1|Palafin, L50, M|\n|poke|p1|Chien-Pao, L50|\n|poke|p1|Dragapult, L50, F|\n|poke|p1|Amoonguss, L50, F|\n|poke|p1|Arcanine, L50, M|\n|poke|p1|Flutter Mane, L50|\n|poke|p2|Flutter Mane, L50|\n|poke|p2|Tsareena, L50, F|\n|poke|p2|Armarouge, L50, M|\n|poke|p2|Indeedee-F, L50, F|\n|poke|p2|Gyarados, L50, M|\n|poke|p2|Glimmora, L50, F|\n|teampreview|4\n|inactive|Battle timer is ON: inactive players will automatically lose when time's up. (requested by Frostail king yt)\nNoutong has agreed to open team sheets.\n|inactive|Frostail king yt has 60 seconds left.\n|inactive|Noutong has 60 seconds left.\n|\n|t:|1681787930\n|start\n|switch|p1a: Meow|Chien-Pao, L50|100\/100\n|switch|p1b: CPS|Dragapult, L50, F|100\/100\n|switch|p2a: Armarouge|Armarouge, L50, M|100\/100\n|switch|p2b: Indeedee|Indeedee-F, L50, F|100\/100\n|-ability|p1a: Meow|Sword of Ruin\n|-fieldstart|move: Psychic Terrain|[from] ability: Psychic Surge|[of] p2b: Indeedee\n|-enditem|p2b: Indeedee|Psychic Seed\n|-boost|p2b: Indeedee|spd|1|[from] item: Psychic Seed\n|turn|1\n|\n|t:|1681787947\n|-terastallize|p2b: Indeedee|Fairy\n|move|p2b: Indeedee|Follow Me|p2b: Indeedee\n|-singleturn|p2b: Indeedee|move: Follow Me\n|move|p1b: CPS|Phantom Force||[still]\n|-prepare|p1b: CPS|Phantom Force\n|move|p1a: Meow|Ice Spinner|p2b: Indeedee\n|-damage|p2b: Indeedee|49\/100\n|-fieldend|move: Psychic Terrain\n|move|p2a: Armarouge|Trick Room|p2a: Armarouge\n|-fieldstart|move: Trick Room|[of] p2a: Armarouge\n|\n|upkeep\n|turn|2\n|\n|t:|1681787968\n|switch|p2b: Gyarados|Gyarados, L50, M, shiny|100\/100\n|-ability|p2b: Gyarados|Intimidate|boost\n|-unboost|p1a: Meow|atk|1\n|-fail|p1b: CPS|unboost|[from] ability: Clear Body|[of] p1b: CPS\n|move|p2a: Armarouge|Protect|p2a: Armarouge\n|-singleturn|p2a: Armarouge|Protect\n|move|p1a: Meow|Protect|p1a: Meow\n|-singleturn|p1a: Meow|Protect\n|move|p1b: CPS|Phantom Force|p2a: Armarouge|[from]lockedmove\n|-activate|p2a: Armarouge|move: Phantom Force|[broken]\n|-supereffective|p2a: Armarouge\n|-damage|p2a: Armarouge|0 fnt\n|faint|p2a: Armarouge\n|\n|upkeep\n|\n|t:|1681787988\n|switch|p2a: Flutter Mane|Flutter Mane, L50|100\/100\n|turn|3\n|\n|t:|1681788001\n|-terastallize|p1b: CPS|Steel\n|move|p1a: Meow|Sucker Punch||[still]\n|-fail|p1a: Meow\n|move|p2b: Gyarados|Waterfall|p1a: Meow\n|-damage|p1a: Meow|41\/100\n|move|p2a: Flutter Mane|Substitute|p2a: Flutter Mane\n|-start|p2a: Flutter Mane|Substitute\n|-damage|p2a: Flutter Mane|76\/100\n|move|p1b: CPS|Phantom Force||[still]\n|-prepare|p1b: CPS|Phantom Force\n|\n|-heal|p2a: Flutter Mane|82\/100|[from] item: Leftovers\n|upkeep\n|turn|4\n|inactive|Noutong has 30 seconds left.\n|inactive|Noutong has 20 seconds left.\n|\n|t:|1681788040\n|move|p2b: Gyarados|Waterfall|p1b: CPS|[miss]\n|-miss|p2b: Gyarados|p1b: CPS\n|move|p2a: Flutter Mane|Moonblast|p1a: Meow\n|-supereffective|p1a: Meow\n|-crit|p1a: Meow\n|-damage|p1a: Meow|0 fnt\n|faint|p1a: Meow\n|move|p1b: CPS|Phantom Force|p2b: Gyarados|[from]lockedmove\n|-damage|p2b: Gyarados|30\/100\n|\n|-heal|p2a: Flutter Mane|88\/100|[from] item: Leftovers\n|upkeep\n|\n|t:|1681788048\n|switch|p1a: Good boy|Arcanine, L50, M|100\/100\n|-ability|p1a: Good boy|Intimidate|boost\n|-immune|p2a: Flutter Mane\n|-unboost|p2b: Gyarados|atk|1\n|turn|5\n|\n|t:|1681788059\n|switch|p2b: Indeedee|Indeedee-F, L50, F, tera:Fairy|49\/100\n|-fieldstart|move: Psychic Terrain|[from] ability: Psychic Surge|[of] p2b: Indeedee\n|move|p1a: Good boy|Extreme Speed|p2b: Indeedee\n|-activate|p2b: Indeedee|move: Psychic Terrain\n|move|p2a: Flutter Mane|Shadow Ball|p1b: CPS\n|-damage|p1b: CPS|47\/100\n|move|p1b: CPS|Phantom Force||[still]\n|-prepare|p1b: CPS|Phantom Force\n|\n|-heal|p2a: Flutter Mane|94\/100|[from] item: Leftovers\n|-fieldend|move: Trick Room\n|upkeep\n|turn|6\n|inactive|Noutong has 30 seconds left.\n|\n|t:|1681788088\n|move|p1b: CPS|Phantom Force|p2a: Flutter Mane|[from]lockedmove\n|-supereffective|p2a: Flutter Mane\n|-end|p2a: Flutter Mane|Substitute\n|move|p2a: Flutter Mane|Shadow Ball|p1b: CPS\n|-damage|p1b: CPS|0 fnt\n|faint|p1b: CPS\n|move|p1a: Good boy|Flare Blitz|p2a: Flutter Mane\n|-damage|p2a: Flutter Mane|34\/100\n|-damage|p1a: Good boy|84\/100|[from] Recoil\n|move|p2b: Indeedee|Trick Room|p2b: Indeedee\n|-fieldstart|move: Trick Room|[of] p2b: Indeedee\n|\n|-heal|p2a: Flutter Mane|41\/100|[from] item: Leftovers\n|upkeep\n|\n|t:|1681788098\n|switch|p1b: Broke the game|Flutter Mane, L50|100\/100\n|-enditem|p1b: Broke the game|Booster Energy\n|-activate|p1b: Broke the game|ability: Protosynthesis|[fromitem]\n|-start|p1b: Broke the game|protosynthesisspa\n|turn|7\n|\n|t:|1681788107\n|move|p2b: Indeedee|Follow Me|p2b: Indeedee\n|-singleturn|p2b: Indeedee|move: Follow Me\n|move|p1a: Good boy|Flare Blitz|p2b: Indeedee\n|-damage|p2b: Indeedee|3\/100\n|-damage|p1a: Good boy|70\/100|[from] Recoil\n|move|p2a: Flutter Mane|Shadow Ball|p1b: Broke the game\n|-supereffective|p1b: Broke the game\n|-damage|p1b: Broke the game|17\/100\n|move|p1b: Broke the game|Dazzling Gleam|p2a: Flutter Mane|[spread] p2a,p2b\n|-damage|p2a: Flutter Mane|4\/100\n|-damage|p2b: Indeedee|0 fnt\n|faint|p2b: Indeedee\n|\n|-heal|p2a: Flutter Mane|10\/100|[from] item: Leftovers\n|upkeep\n|\n|t:|1681788117\n|switch|p2b: Gyarados|Gyarados, L50, M, shiny|30\/100\n|-ability|p2b: Gyarados|Intimidate|boost\n|-unboost|p1a: Good boy|atk|1\n|-unboost|p1b: Broke the game|atk|1\n|turn|8\n|\n|t:|1681788138\n|move|p2a: Flutter Mane|Protect|p2a: Flutter Mane\n|-singleturn|p2a: Flutter Mane|Protect\n|move|p1b: Broke the game|Protect|p1b: Broke the game\n|-singleturn|p1b: Broke the game|Protect\n|move|p2b: Gyarados|Waterfall|p1a: Good boy\n|-supereffective|p1a: Good boy\n|-damage|p1a: Good boy|0 fnt\n|faint|p1a: Good boy\n|\n|-heal|p2a: Flutter Mane|16\/100|[from] item: Leftovers\n|upkeep\n|turn|9\n|\n|t:|1681788146\n|move|p2b: Gyarados|Waterfall|p1b: Broke the game\n|-damage|p1b: Broke the game|0 fnt\n|faint|p1b: Broke the game\n|-end|p1b: Broke the game|Protosynthesis|[silent]\n|\n|win|Noutong\n|raw|Frostail king yt's rating: 1106 → 1084<\/strong> (-22 for losing)\n|raw|Noutong's rating: 1153 → 1175<\/strong> (+22 for winning)\n|l|\u2606Frostail king yt\n","uploadtime":1681788154,"views":3,"p1id":"frostailkingyt","p2id":"noutong","formatid":"gen9vgc2023regulationc","rating":1084,"private":0,"password":""}