{"id":"gen9vgc2023regulationc-1846770762","p1":"Sumo'sWeenusVGC","p2":"aoueaoeua","format":"[Gen 9] VGC 2023 Regulation C","log":"|j|\u2606Sumo'sWeenusVGC\n|j|\u2606aoueaoeua\n|t:|1681876671\n|gametype|doubles\n|player|p1|Sumo'sWeenusVGC|colress|1212\n|player|p2|aoueaoeua|2|1101\n|teamsize|p1|6\n|teamsize|p2|6\n|gen|9\n|tier|[Gen 9] VGC 2023 Regulation C\n|rated|\n|rule|Species Clause: Limit one of each Pok\u00e9mon\n|rule|Item Clause: Limit one of each item\n|clearpoke\n|poke|p1|Annihilape, L50, M|\n|poke|p1|Chien-Pao, L50|\n|poke|p1|Flutter Mane, L50|\n|poke|p1|Arcanine, L50, M|\n|poke|p1|Palafin, L50, F|\n|poke|p1|Amoonguss, L50, F|\n|poke|p2|Torkoal, L50, F|\n|poke|p2|Ceruledge, L50, M|\n|poke|p2|Chi-Yu, L50|\n|poke|p2|Bronzong, L50|\n|poke|p2|Brute Bonnet, L50|\n|poke|p2|Armarouge, L50, F|\n|teampreview|4\n|inactive|Battle timer is ON: inactive players will automatically lose when time's up. (requested by Sumo'sWeenusVGC)\nSumo'sWeenusVGC has agreed to open team sheets.\n|inactive|Sumo'sWeenusVGC has 60 seconds left.\n|inactive|aoueaoeua has 60 seconds left.\n|\n|t:|1681876719\n|start\n|switch|p1a: Psi Mu Signma|Annihilape, L50, M, shiny|100\/100\n|switch|p1b: Doll-Pugno|Palafin, L50, F, shiny|100\/100\n|switch|p2a: Armarouge|Armarouge, L50, F|100\/100\n|switch|p2b: Torkoal|Torkoal, L50, F|100\/100\n|-weather|SunnyDay|[from] ability: Drought|[of] p2b: Torkoal\n|turn|1\n|inactive|Sumo'sWeenusVGC has 30 seconds left.\n|inactive|aoueaoeua has 30 seconds left.\n|\n|t:|1681876750\n|detailschange|p1b: Doll-Pugno|Palafin-Hero, L50, F, shiny\n|switch|p1b: Slif's Woof|Arcanine, L50, M, shiny|100\/100\n|-ability|p1b: Slif's Woof|Intimidate|boost\n|-unboost|p2a: Armarouge|atk|1\n|-unboost|p2b: Torkoal|atk|1\n|move|p1a: Psi Mu Signma|Bulk Up|p1a: Psi Mu Signma\n|-boost|p1a: Psi Mu Signma|atk|1\n|-boost|p1a: Psi Mu Signma|def|1\n|move|p2b: Torkoal|Lava Plume|p1a: Psi Mu Signma|[spread] p1a,p1b\n|-start|p2a: Armarouge|ability: Flash Fire\n|-resisted|p1b: Slif's Woof\n|-damage|p1a: Psi Mu Signma|78\/100\n|-damage|p1b: Slif's Woof|84\/100\n|-status|p1a: Psi Mu Signma|brn\n|move|p2a: Armarouge|Trick Room|p2a: Armarouge\n|-fieldstart|move: Trick Room|[of] p2a: Armarouge\n|\n|-weather|SunnyDay|[upkeep]\n|-heal|p1a: Psi Mu Signma|84\/100 brn|[from] item: Leftovers\n|-damage|p1a: Psi Mu Signma|78\/100 brn|[from] brn\n|upkeep\n|turn|2\n|inactive|Sumo'sWeenusVGC has 30 seconds left.\n|inactive|aoueaoeua has 30 seconds left.\n|inactive|Sumo'sWeenusVGC has 20 seconds left.\n|\n|t:|1681876787\n|-terastallize|p1b: Slif's Woof|Normal\n|move|p1b: Slif's Woof|Extreme Speed|p2b: Torkoal\n|-damage|p2b: Torkoal|76\/100\n|move|p2b: Torkoal|Earth Power|p1b: Slif's Woof\n|-damage|p1b: Slif's Woof|63\/100\n|move|p2a: Armarouge|Armor Cannon|p1a: Psi Mu Signma\n|-damage|p1a: Psi Mu Signma|0 fnt\n|-unboost|p2a: Armarouge|def|1\n|-unboost|p2a: Armarouge|spd|1\n|faint|p1a: Psi Mu Signma\n|\n|-weather|SunnyDay|[upkeep]\n|upkeep\n|\n|t:|1681876802\n|switch|p1a: Noodle|Chien-Pao, L50|100\/100\n|-ability|p1a: Noodle|Sword of Ruin\n|turn|3\n|\n|t:|1681876815\n|switch|p2b: Ceruledge|Ceruledge, L50, M|100\/100\n|move|p1a: Noodle|Protect|p1a: Noodle\n|-singleturn|p1a: Noodle|Protect\n|move|p1b: Slif's Woof|Extreme Speed|p2a: Armarouge\n|-damage|p2a: Armarouge|49\/100\n|move|p2a: Armarouge|Lava Plume|p1b: Slif's Woof|[spread] p1b\n|-activate|p1a: Noodle|move: Protect\n|-start|p2b: Ceruledge|ability: Flash Fire\n|-damage|p1b: Slif's Woof|0 fnt\n|faint|p1b: Slif's Woof\n|\n|-weather|SunnyDay|[upkeep]\n|upkeep\n|\n|t:|1681876829\n|switch|p1b: Doll-Pugno|Palafin-Hero, L50, F, shiny|100\/100\n|-activate|p1b: Doll-Pugno|ability: Zero to Hero\n|turn|4\n|\n|t:|1681876846\n|-terastallize|p2b: Ceruledge|Fire\n|move|p1b: Doll-Pugno|Jet Punch|p2a: Armarouge\n|-supereffective|p2a: Armarouge\n|-crit|p2a: Armarouge\n|-damage|p2a: Armarouge|0 fnt\n|faint|p2a: Armarouge\n|move|p1a: Noodle|Sucker Punch|p2b: Ceruledge\n|-damage|p2b: Ceruledge|42\/100\n|move|p2b: Ceruledge|Bitter Blade|p1a: Noodle\n|-supereffective|p1a: Noodle\n|-enditem|p1a: Noodle|Focus Sash\n|-damage|p1a: Noodle|1\/100\n|-heal|p2b: Ceruledge|85\/100|[from] drain|[of] p1a: Noodle\n|\n|-weather|SunnyDay|[upkeep]\n|upkeep\n|\n|t:|1681876860\n|switch|p2a: Torkoal|Torkoal, L50, F|76\/100\n|turn|5\n|\n|t:|1681876870\n|move|p1a: Noodle|Protect|p1a: Noodle\n|-singleturn|p1a: Noodle|Protect\n|move|p1b: Doll-Pugno|Jet Punch|p2b: Ceruledge\n|-supereffective|p2b: Ceruledge\n|-damage|p2b: Ceruledge|11\/100\n|move|p2a: Torkoal|Eruption|p1a: Noodle|[spread] p1b\n|-activate|p1a: Noodle|move: Protect\n|-resisted|p1b: Doll-Pugno\n|-damage|p1b: Doll-Pugno|76\/100\n|move|p2b: Ceruledge|Bitter Blade|p1b: Doll-Pugno\n|-resisted|p1b: Doll-Pugno\n|-damage|p1b: Doll-Pugno|0 fnt\n|-heal|p2b: Ceruledge|54\/100|[from] drain|[of] p1b: Doll-Pugno\n|faint|p1b: Doll-Pugno\n|\n|-weather|SunnyDay|[upkeep]\n|-fieldend|move: Trick Room\n|upkeep\n|turn|6\n|\n|t:|1681876891\n|move|p1a: Noodle|Throat Chop|p2b: Ceruledge\n|-crit|p2b: Ceruledge\n|-damage|p2b: Ceruledge|0 fnt\n|faint|p2b: Ceruledge\n|move|p2a: Torkoal|Eruption|p1a: Noodle\n|-supereffective|p1a: Noodle\n|-damage|p1a: Noodle|0 fnt\n|faint|p1a: Noodle\n|\n|win|aoueaoeua\n|raw|Sumo'sWeenusVGC's rating: 1212 → 1179<\/strong> (-33 for losing)\n|raw|aoueaoeua's rating: 1101 → 1134<\/strong> (+33 for winning)\n|l|\u2606aoueaoeua\n","uploadtime":1681877040,"views":15,"p1id":"sumosweenusvgc","p2id":"aoueaoeua","formatid":"gen9vgc2023regulationc","rating":1134,"private":0,"password":""}