{"id":"gen9vgc2023regulationc-1857990266","p1":"SavannahPandaVGC","p2":"borean\u83ef\u91d1","format":"[Gen 9] VGC 2023 Regulation C","log":"|j|\u2606SavannahPandaVGC\n|j|\u2606borean\u83ef\u91d1\n|t:|1683256707\n|gametype|doubles\n|player|p1|SavannahPandaVGC|2|1331\n|player|p2|borean\u83ef\u91d1|266|1233\n|teamsize|p1|6\n|teamsize|p2|6\n|gen|9\n|tier|[Gen 9] VGC 2023 Regulation C\n|rated|\n|rule|Species Clause: Limit one of each Pok\u00e9mon\n|rule|Item Clause: Limit one of each item\n|clearpoke\n|poke|p1|Flutter Mane, L50|\n|poke|p1|Iron Hands, L50|\n|poke|p1|Corviknight, L50, M|\n|poke|p1|Gyarados, L50, M|\n|poke|p1|Chi-Yu, L50|\n|poke|p1|Amoonguss, L50, M|\n|poke|p2|Torkoal, L50, M|\n|poke|p2|Jumpluff, L50, F|\n|poke|p2|Flutter Mane, L50|\n|poke|p2|Great Tusk, L50|\n|poke|p2|Chien-Pao, L50|\n|poke|p2|Kingambit, L50, F|\n|teampreview|4\nSavannahPandaVGC has agreed to open team sheets.\n|inactive|Battle timer is ON: inactive players will automatically lose when time's up. (requested by SavannahPandaVGC)\nborean\u83ef\u91d1 has agreed to open team sheets.\n|inactive|SavannahPandaVGC has 60 seconds left.\n|inactive|SavannahPandaVGC has 30 seconds left.\n|inactive|SavannahPandaVGC has 20 seconds left.\n|inactive|SavannahPandaVGC has 15 seconds left.\n|inactive|SavannahPandaVGC has 10 seconds left.\n|inactive|SavannahPandaVGC has 5 seconds left.\n|\n|t:|1683256799\n|start\n|switch|p1a: Chi-Yu|Chi-Yu, L50|100\/100\n|switch|p1b: Gyarados|Gyarados, L50, M|100\/100\n|switch|p2a: Kingambit|Kingambit, L50, F|100\/100\n|switch|p2b: Great Tusk|Great Tusk, L50|100\/100\n|-ability|p1a: Chi-Yu|Beads of Ruin\n|-ability|p1b: Gyarados|Intimidate|boost\n|-unboost|p2a: Kingambit|atk|1\n|-ability|p2a: Kingambit|Defiant|boost\n|-boost|p2a: Kingambit|atk|2\n|-unboost|p2b: Great Tusk|atk|1\n|turn|1\n|inactive|SavannahPandaVGC has 30 seconds left.\n|\n|t:|1683256832\n|move|p1a: Chi-Yu|Protect|p1a: Chi-Yu\n|-singleturn|p1a: Chi-Yu|Protect\n|move|p2b: Great Tusk|Headlong Rush|p1a: Chi-Yu\n|-activate|p1a: Chi-Yu|move: Protect\n|move|p1b: Gyarados|Taunt|p2a: Kingambit\n|-start|p2a: Kingambit|move: Taunt\n|move|p2a: Kingambit|Kowtow Cleave|p1b: Gyarados\n|-damage|p1b: Gyarados|22\/100\n|-enditem|p1b: Gyarados|Figy Berry|[eat]\n|-heal|p1b: Gyarados|56\/100|[from] item: Figy Berry\n|\n|upkeep\n|turn|2\n|\n|t:|1683256853\n|-terastallize|p1a: Chi-Yu|Water\n|move|p2b: Great Tusk|Headlong Rush|p1a: Chi-Yu\n|-damage|p1a: Chi-Yu|46\/100\n|-unboost|p2b: Great Tusk|def|1\n|-unboost|p2b: Great Tusk|spd|1\n|move|p1a: Chi-Yu|Heat Wave|p2b: Great Tusk|[spread] p2a,p2b\n|-supereffective|p2a: Kingambit\n|-damage|p2a: Kingambit|28\/100\n|-damage|p2b: Great Tusk|0 fnt\n|faint|p2b: Great Tusk\n|-end|p2b: Great Tusk|Protosynthesis|[silent]\n|move|p1b: Gyarados|Waterfall|p2a: Kingambit\n|-damage|p2a: Kingambit|3\/100\n|move|p2a: Kingambit|Kowtow Cleave|p1b: Gyarados\n|-damage|p1b: Gyarados|0 fnt\n|faint|p1b: Gyarados\n|\n|upkeep\n|\n|t:|1683256874\n|switch|p2b: Chien-Pao|Chien-Pao, L50|100\/100\n|switch|p1b: Iron Hands|Iron Hands, L50|100\/100\n|-ability|p2b: Chien-Pao|Sword of Ruin\n|turn|3\n|inactive|SavannahPandaVGC has 30 seconds left.\n|\n|t:|1683256907\n|switch|p2a: Flutter Mane|Flutter Mane, L50|100\/100\n|move|p1b: Iron Hands|Fake Out|p2a: Flutter Mane\n|-immune|p2a: Flutter Mane\n|move|p2b: Chien-Pao|Sucker Punch||[still]\n|-fail|p2b: Chien-Pao\n|move|p1a: Chi-Yu|Nasty Plot|p1a: Chi-Yu\n|-boost|p1a: Chi-Yu|spa|2\n|\n|upkeep\n|turn|4\n|inactive|borean\u83ef\u91d1 has 30 seconds left.\n|inactive|borean\u83ef\u91d1 has 20 seconds left.\n|inactive|borean\u83ef\u91d1 has 15 seconds left.\n|\n|t:|1683256950\n|move|p2b: Chien-Pao|Protect|p2b: Chien-Pao\n|-singleturn|p2b: Chien-Pao|Protect\n|move|p1a: Chi-Yu|Protect|p1a: Chi-Yu\n|-singleturn|p1a: Chi-Yu|Protect\n|move|p2a: Flutter Mane|Dazzling Gleam|p1b: Iron Hands|[spread] p1b\n|-activate|p1a: Chi-Yu|move: Protect\n|-supereffective|p1b: Iron Hands\n|-damage|p1b: Iron Hands|38\/100\n|move|p1b: Iron Hands|Drain Punch|p2b: Chien-Pao\n|-activate|p2b: Chien-Pao|move: Protect\n|\n|upkeep\n|turn|5\n|\n|t:|1683256970\n|-end|p1b: Iron Hands|Quark Drive|[silent]\n|switch|p1b: Corviknight|Corviknight, L50, M|100\/100\n|move|p2b: Chien-Pao|Ice Spinner|p1a: Chi-Yu\n|-resisted|p1a: Chi-Yu\n|-damage|p1a: Chi-Yu|14\/100\n|move|p2a: Flutter Mane|Dazzling Gleam|p1a: Chi-Yu|[spread] p1a,p1b\n|-resisted|p1b: Corviknight\n|-damage|p1a: Chi-Yu|0 fnt\n|-damage|p1b: Corviknight|74\/100\n|faint|p1a: Chi-Yu\n|\n|-heal|p1b: Corviknight|80\/100|[from] item: Leftovers\n|upkeep\n|\n|t:|1683256980\n|switch|p1a: Iron Hands|Iron Hands, L50|38\/100\n|turn|6\n|\n|t:|1683256993\n|move|p2b: Chien-Pao|Protect|p2b: Chien-Pao\n|-singleturn|p2b: Chien-Pao|Protect\n|move|p1a: Iron Hands|Fake Out|p2b: Chien-Pao\n|-activate|p2b: Chien-Pao|move: Protect\n|move|p2a: Flutter Mane|Dazzling Gleam|p1a: Iron Hands|[spread] p1a,p1b\n|-supereffective|p1a: Iron Hands\n|-resisted|p1b: Corviknight\n|-damage|p1a: Iron Hands|0 fnt\n|-damage|p1b: Corviknight|60\/100\n|faint|p1a: Iron Hands\n|-end|p1a: Iron Hands|Quark Drive|[silent]\n|move|p1b: Corviknight|Iron Head|p2a: Flutter Mane\n|-supereffective|p2a: Flutter Mane\n|-damage|p2a: Flutter Mane|0 fnt\n|faint|p2a: Flutter Mane\n|-end|p2a: Flutter Mane|Protosynthesis|[silent]\n|\n|-heal|p1b: Corviknight|66\/100|[from] item: Leftovers\n|upkeep\n|\n|t:|1683257006\n|switch|p2a: Kingambit|Kingambit, L50, F|3\/100\n|turn|7\n|\n|t:|1683257020\n|-terastallize|p2b: Chien-Pao|Flying\n|move|p2a: Kingambit|Sucker Punch||[still]\n|-fail|p2a: Kingambit\n|move|p2b: Chien-Pao|Ice Spinner|p1b: Corviknight\n|-damage|p1b: Corviknight|19\/100\n|move|p1b: Corviknight|Roost|p1b: Corviknight\n|-heal|p1b: Corviknight|69\/100\n|-singleturn|p1b: Corviknight|move: Roost\n|\n|-heal|p1b: Corviknight|75\/100|[from] item: Leftovers\n|upkeep\n|turn|8\n|\n|t:|1683257037\n|move|p2a: Kingambit|Sucker Punch|p1b: Corviknight\n|-damage|p1b: Corviknight|30\/100\n|move|p2b: Chien-Pao|Taunt|p1b: Corviknight\n|-start|p1b: Corviknight|move: Taunt\n|move|p1b: Corviknight|Iron Head|p2a: Kingambit\n|-resisted|p2a: Kingambit\n|-damage|p2a: Kingambit|0 fnt\n|faint|p2a: Kingambit\n|\n|-heal|p1b: Corviknight|36\/100|[from] item: Leftovers\n|upkeep\n|turn|9\n|\n|t:|1683257049\n|move|p2b: Chien-Pao|Ice Spinner|p1b: Corviknight\n|-damage|p1b: Corviknight|0 fnt\n|faint|p1b: Corviknight\n|\n|win|borean\u83ef\u91d1\n|raw|SavannahPandaVGC's rating: 1331 → 1306<\/strong> (-25 for losing)\n|raw|borean\u83ef\u91d1's rating: 1233 → 1265<\/strong> (+32 for winning)\n","uploadtime":1683257065,"views":5,"p1id":"savannahpandavgc","p2id":"borean","formatid":"gen9vgc2023regulationc","rating":1265,"private":0,"password":""}