{"id":"gen9vgc2023regulationc-1863629191","p1":"MidianVGC","p2":"pixelumbreon","format":"[Gen 9] VGC 2023 Regulation C","log":"|j|\u2606MidianVGC\n|j|\u2606pixelumbreon\n|t:|1684046852\n|gametype|doubles\n|player|p1|MidianVGC|2|1061\n|player|p2|pixelumbreon|caitlin|1038\n|teamsize|p1|6\n|teamsize|p2|6\n|gen|9\n|tier|[Gen 9] VGC 2023 Regulation C\n|rated|\n|rule|Species Clause: Limit one of each Pok\u00e9mon\n|rule|Item Clause: Limit one of each item\n|clearpoke\n|poke|p1|Ting-Lu, L50|\n|poke|p1|Chi-Yu, L50|\n|poke|p1|Flutter Mane, L50|\n|poke|p1|Amoonguss, L50, F|\n|poke|p1|Rotom-Wash, L50|\n|poke|p1|Dragonite, L50, M|\n|poke|p2|Oricorio-Pom-Pom, L50, M|\n|poke|p2|Flamigo, L50, F|\n|poke|p2|Volcarona, L50, M|\n|poke|p2|Espathra, L50, F|\n|poke|p2|Sylveon, L50, M|\n|poke|p2|Quaquaval, L50, M|\n|teampreview|4\n|inactive|Battle timer is ON: inactive players will automatically lose when time's up. (requested by pixelumbreon)\n|\n|t:|1684046945\n|start\n|switch|p1a: Chi-Yu|Chi-Yu, L50|100\/100\n|switch|p1b: Flutter Mane|Flutter Mane, L50, shiny|100\/100\n|switch|p2a: Pom|Oricorio-Pom-Pom, L50, M, shiny|100\/100\n|switch|p2b: Volcarona|Volcarona, L50, M, shiny|100\/100\n|-ability|p1a: Chi-Yu|Beads of Ruin\n|-enditem|p1b: Flutter Mane|Booster Energy\n|-activate|p1b: Flutter Mane|ability: Protosynthesis|[fromitem]\n|-start|p1b: Flutter Mane|protosynthesisspa\n|turn|1\n|inactive|pixelumbreon has 30 seconds left.\n|\n|t:|1684046973\n|move|p1b: Flutter Mane|Protect|p1b: Flutter Mane\n|-singleturn|p1b: Flutter Mane|Protect\n|move|p2a: Pom|Protect|p2a: Pom\n|-singleturn|p2a: Pom|Protect\n|move|p2b: Volcarona|Quiver Dance|p2b: Volcarona\n|-boost|p2b: Volcarona|spa|1\n|-boost|p2b: Volcarona|spd|1\n|-boost|p2b: Volcarona|spe|1\n|-activate|p2a: Pom|ability: Dancer\n|move|p2a: Pom|Quiver Dance|p2a: Pom|[from]ability: Dancer\n|-boost|p2a: Pom|spa|1\n|-boost|p2a: Pom|spd|1\n|-boost|p2a: Pom|spe|1\n|move|p1a: Chi-Yu|Snarl|p2b: Volcarona|[spread] p2b\n|-activate|p2a: Pom|move: Protect\n|-damage|p2b: Volcarona|76\/100\n|-unboost|p2b: Volcarona|spa|1\n|-damage|p1a: Chi-Yu|91\/100|[from] item: Life Orb\n|\n|upkeep\n|turn|2\n|inactive|MidianVGC has 30 seconds left.\n|inactive|pixelumbreon has 30 seconds left.\n|inactive|MidianVGC has 20 seconds left.\n|inactive|pixelumbreon has 20 seconds left.\n|\n|t:|1684047011\n|move|p2b: Volcarona|Quiver Dance|p2b: Volcarona\n|-boost|p2b: Volcarona|spa|1\n|-boost|p2b: Volcarona|spd|1\n|-boost|p2b: Volcarona|spe|1\n|-activate|p2a: Pom|ability: Dancer\n|move|p2a: Pom|Quiver Dance|p2a: Pom|[from]ability: Dancer\n|-boost|p2a: Pom|spa|1\n|-boost|p2a: Pom|spd|1\n|-boost|p2a: Pom|spe|1\n|move|p2a: Pom|Quiver Dance|p2a: Pom\n|-boost|p2a: Pom|spa|1\n|-boost|p2a: Pom|spd|1\n|-boost|p2a: Pom|spe|1\n|move|p1b: Flutter Mane|Dazzling Gleam|p2a: Pom|[spread] p2a,p2b\n|-resisted|p2b: Volcarona\n|-damage|p2a: Pom|74\/100\n|-damage|p2b: Volcarona|64\/100\n|move|p1a: Chi-Yu|Snarl|p2a: Pom|[spread] p2a,p2b\n|-damage|p2a: Pom|53\/100\n|-damage|p2b: Volcarona|48\/100\n|-unboost|p2a: Pom|spa|1\n|-unboost|p2b: Volcarona|spa|1\n|-damage|p1a: Chi-Yu|82\/100|[from] item: Life Orb\n|\n|-heal|p2a: Pom|59\/100|[from] item: Leftovers\n|upkeep\n|turn|3\n|inactive|MidianVGC has 30 seconds left.\n|inactive|pixelumbreon has 30 seconds left.\n|inactive|pixelumbreon has 20 seconds left.\n|inactive|MidianVGC has 20 seconds left.\n|inactive|pixelumbreon has 15 seconds left.\n|inactive|MidianVGC has 15 seconds left.\n|inactive|MidianVGC has 10 seconds left.\n|\n|t:|1684047062\n|move|p2a: Pom|Quiver Dance|p2a: Pom\n|-boost|p2a: Pom|spa|1\n|-boost|p2a: Pom|spd|1\n|-boost|p2a: Pom|spe|1\n|move|p2b: Volcarona|Quiver Dance|p2b: Volcarona\n|-boost|p2b: Volcarona|spa|1\n|-boost|p2b: Volcarona|spd|1\n|-boost|p2b: Volcarona|spe|1\n|-activate|p2a: Pom|ability: Dancer\n|move|p2a: Pom|Quiver Dance|p2a: Pom|[from]ability: Dancer\n|-boost|p2a: Pom|spa|1\n|-boost|p2a: Pom|spd|1\n|-boost|p2a: Pom|spe|1\n|move|p1b: Flutter Mane|Shadow Ball|p2b: Volcarona\n|-damage|p2b: Volcarona|21\/100\n|-enditem|p2b: Volcarona|Iapapa Berry|[eat]\n|-heal|p2b: Volcarona|55\/100|[from] item: Iapapa Berry\n|move|p1a: Chi-Yu|Snarl|p2b: Volcarona|[spread] p2a,p2b\n|-damage|p2a: Pom|43\/100\n|-damage|p2b: Volcarona|40\/100\n|-unboost|p2a: Pom|spa|1\n|-unboost|p2b: Volcarona|spa|1\n|-damage|p1a: Chi-Yu|72\/100|[from] item: Life Orb\n|\n|-heal|p2a: Pom|49\/100|[from] item: Leftovers\n|upkeep\n|turn|4\n|inactive|MidianVGC has 30 seconds left.\n|inactive|pixelumbreon has 30 seconds left.\n|inactive|pixelumbreon has 20 seconds left.\n|\n|t:|1684047097\n|move|p2a: Pom|Revelation Dance|p1b: Flutter Mane\n|-damage|p1b: Flutter Mane|0 fnt\n|faint|p1b: Flutter Mane\n|-end|p1b: Flutter Mane|Protosynthesis|[silent]\n|move|p2b: Volcarona|Morning Sun|p2b: Volcarona\n|-heal|p2b: Volcarona|90\/100\n|move|p1a: Chi-Yu|Dark Pulse|p2a: Pom\n|-damage|p2a: Pom|21\/100\n|-damage|p1a: Chi-Yu|63\/100|[from] item: Life Orb\n|\n|-heal|p2a: Pom|27\/100|[from] item: Leftovers\n|upkeep\n|\n|t:|1684047111\n|switch|p1b: Rotom|Rotom-Wash, L50, shiny|100\/100\n|turn|5\n|inactive|MidianVGC has 30 seconds left.\n|inactive|pixelumbreon has 30 seconds left.\n|inactive|MidianVGC has 20 seconds left.\n|inactive|MidianVGC has 15 seconds left.\n|inactive|MidianVGC has 10 seconds left.\n|inactive|MidianVGC has 5 seconds left.\n|\n|t:|1684047164\n|move|p2a: Pom|Revelation Dance|p1b: Rotom\n|-damage|p1b: Rotom|0 fnt\n|faint|p1b: Rotom\n|move|p2b: Volcarona|Quiver Dance|p2b: Volcarona\n|-boost|p2b: Volcarona|spa|1\n|-boost|p2b: Volcarona|spd|1\n|-boost|p2b: Volcarona|spe|1\n|-activate|p2a: Pom|ability: Dancer\n|move|p2a: Pom|Quiver Dance|p2a: Pom|[from]ability: Dancer\n|-boost|p2a: Pom|spa|1\n|-boost|p2a: Pom|spd|1\n|-boost|p2a: Pom|spe|1\n|move|p1a: Chi-Yu|Dark Pulse|p2b: Volcarona\n|-damage|p2b: Volcarona|65\/100\n|-damage|p1a: Chi-Yu|53\/100|[from] item: Life Orb\n|\n|-heal|p2a: Pom|33\/100|[from] item: Leftovers\n|upkeep\n|\n|t:|1684047181\n|switch|p1b: Ting-Lu|Ting-Lu, L50|100\/100\n|-ability|p1b: Ting-Lu|Vessel of Ruin\n|turn|6\n|inactive|MidianVGC has 30 seconds left.\n|inactive|pixelumbreon has 30 seconds left.\n|\n|t:|1684047211\n|-terastallize|p2a: Pom|Fighting\n|move|p2a: Pom|Revelation Dance|p1b: Ting-Lu\n|-supereffective|p1b: Ting-Lu\n|-damage|p1b: Ting-Lu|0 fnt\n|faint|p1b: Ting-Lu\n|move|p2b: Volcarona|Fiery Dance|p1a: Chi-Yu\n|-resisted|p1a: Chi-Yu\n|-damage|p1a: Chi-Yu|26\/100\n|-boost|p2b: Volcarona|spa|1\n|-activate|p2a: Pom|ability: Dancer\n|move|p2a: Pom|Fiery Dance|p1a: Chi-Yu|[from]ability: Dancer\n|-resisted|p1a: Chi-Yu\n|-crit|p1a: Chi-Yu\n|-damage|p1a: Chi-Yu|0 fnt\n|faint|p1a: Chi-Yu\n|\n|win|pixelumbreon\n|raw|MidianVGC's rating: 1061 → 1041<\/strong> (-20 for losing)\n|raw|pixelumbreon's rating: 1038 → 1075<\/strong> (+37 for winning)\n|l|\u2606MidianVGC\n","uploadtime":1684047233,"views":8,"p1id":"midianvgc","p2id":"pixelumbreon","formatid":"gen9vgc2023regulationc","rating":1041,"private":0,"password":""}