{"id":"gen9vgc2023regulationc-1846279362","p1":"Ricardo Randorez","p2":"Gracamol","format":"[Gen 9] VGC 2023 Regulation C","log":"|j|\u2606Ricardo Randorez\n|j|\u2606Gracamol\n|t:|1681827980\n|gametype|doubles\n|player|p1|Ricardo Randorez|101|1252\n|player|p2|Gracamol|barry|1145\n|teamsize|p1|6\n|teamsize|p2|6\n|gen|9\n|tier|[Gen 9] VGC 2023 Regulation C\n|rated|\n|rule|Species Clause: Limit one of each Pok\u00e9mon\n|rule|Item Clause: Limit one of each item\n|clearpoke\n|poke|p1|Gyarados, L50, M|\n|poke|p1|Arcanine, L50, M|\n|poke|p1|Dragonite, L50, F|\n|poke|p1|Flutter Mane, L50|\n|poke|p1|Volcarona, L50, F|\n|poke|p1|Chien-Pao, L50|\n|poke|p2|Flutter Mane, L50|\n|poke|p2|Grimmsnarl, L50, M|\n|poke|p2|Tauros-Paldea-Aqua, L50, M|\n|poke|p2|Rotom-Heat, L50|\n|poke|p2|Iron Bundle, L50|\n|poke|p2|Sandy Shocks, L50|\n|teampreview|4\nGracamol has agreed to open team sheets.\n|inactive|Battle timer is ON: inactive players will automatically lose when time's up. (requested by Gracamol)\n|inactive|Ricardo Randorez has 60 seconds left.\n|inactive|Gracamol has 60 seconds left.\n|\n|t:|1681828045\n|start\n|switch|p1a: Gyarados|Gyarados, L50, M|100\/100\n|switch|p1b: Arcanine|Arcanine, L50, M|100\/100\n|switch|p2a: Sideways|Tauros-Paldea-Aqua, L50, M|100\/100\n|switch|p2b: Skullgrin|Grimmsnarl, L50, M|100\/100\n|-ability|p1b: Arcanine|Intimidate|boost\n|-unboost|p2a: Sideways|atk|1\n|-unboost|p2b: Skullgrin|atk|1\n|-ability|p2a: Sideways|Intimidate|boost\n|-fail|p1a: Gyarados|unboost|[from] item: Clear Amulet|[of] p1a: Gyarados\n|-unboost|p1b: Arcanine|atk|1\n|turn|1\n|inactive|Gracamol has 30 seconds left.\n|\n|t:|1681828072\n|move|p2b: Skullgrin|Reflect|p2b: Skullgrin\n|-sidestart|p2: Gracamol|Reflect\n|move|p1a: Gyarados|Dragon Dance|p1a: Gyarados\n|-boost|p1a: Gyarados|atk|1\n|-boost|p1a: Gyarados|spe|1\n|move|p1b: Arcanine|Howl|p1b: Arcanine|[spread] p1a,p1b\n|-boost|p1a: Gyarados|atk|1\n|-boost|p1b: Arcanine|atk|1\n|move|p2a: Sideways|Raging Bull|p1b: Arcanine\n|-supereffective|p1b: Arcanine\n|-damage|p1b: Arcanine|43\/100\n|\n|upkeep\n|turn|2\n|inactive|Gracamol has 30 seconds left.\n|\n|t:|1681828104\n|switch|p2a: Blitzwing|Iron Bundle, L50|100\/100\n|-terastallize|p1a: Gyarados|Flying\n|move|p1b: Arcanine|Extreme Speed|p2a: Blitzwing\n|-damage|p2a: Blitzwing|82\/100\n|move|p2b: Skullgrin|Thunder Wave|p1a: Gyarados\n|-status|p1a: Gyarados|par\n|move|p1a: Gyarados|Tera Blast|p2a: Blitzwing\n|-damage|p2a: Blitzwing|5\/100\n|\n|upkeep\n|turn|3\n|inactive|Gracamol has 30 seconds left.\n|\n|t:|1681828135\n|-end|p2a: Blitzwing|Quark Drive|[silent]\n|switch|p2a: Sideways|Tauros-Paldea-Aqua, L50, M|100\/100\n|-ability|p2a: Sideways|Intimidate|boost\n|-fail|p1a: Gyarados|unboost|[from] item: Clear Amulet|[of] p1a: Gyarados\n|-unboost|p1b: Arcanine|atk|1\n|move|p1b: Arcanine|Extreme Speed|p2a: Sideways\n|-damage|p2a: Sideways|90\/100\n|move|p1a: Gyarados|Waterfall|p2b: Skullgrin\n|-damage|p2b: Skullgrin|48\/100\n|move|p2b: Skullgrin|Spirit Break|p1b: Arcanine\n|-resisted|p1b: Arcanine\n|-damage|p1b: Arcanine|33\/100\n|-unboost|p1b: Arcanine|spa|1\n|\n|upkeep\n|turn|4\n|inactive|Ricardo Randorez has 30 seconds left.\n|inactive|Ricardo Randorez has 20 seconds left.\n|\n|t:|1681828172\n|switch|p1b: Dragonite|Dragonite, L50, F|100\/100\n|switch|p2b: Road Hauler|Sandy Shocks, L50|100\/100\n|-enditem|p2b: Road Hauler|Booster Energy\n|-activate|p2b: Road Hauler|ability: Protosynthesis|[fromitem]\n|-start|p2b: Road Hauler|protosynthesisspe\n|-terastallize|p2a: Sideways|Steel\n|move|p2a: Sideways|Raging Bull|p1b: Dragonite\n|-resisted|p1b: Dragonite\n|-damage|p1b: Dragonite|81\/100\n|cant|p1a: Gyarados|par\n|\n|upkeep\n|turn|5\n|inactive|Gracamol has 30 seconds left.\n|inactive|Gracamol has 20 seconds left.\n|inactive|Gracamol has 15 seconds left.\n|inactive|Gracamol has 10 seconds left.\n|inactive|Gracamol has 5 seconds left.\n|\n|t:|1681828223\n|switch|p2a: Skullgrin|Grimmsnarl, L50, M|48\/100\n|switch|p1b: Arcanine|Arcanine, L50, M|33\/100\n|-ability|p1b: Arcanine|Intimidate|boost\n|-unboost|p2a: Skullgrin|atk|1\n|-unboost|p2b: Road Hauler|atk|1\n|move|p2b: Road Hauler|Protect|p2b: Road Hauler\n|-singleturn|p2b: Road Hauler|Protect\n|move|p1a: Gyarados|Waterfall|p2b: Road Hauler\n|-activate|p2b: Road Hauler|move: Protect\n|\n|upkeep\n|turn|6\n|\n|t:|1681828248\n|switch|p2a: Sideways|Tauros-Paldea-Aqua, L50, M, tera:Steel|90\/100\n|-ability|p2a: Sideways|Intimidate|boost\n|-fail|p1a: Gyarados|unboost|[from] item: Clear Amulet|[of] p1a: Gyarados\n|-unboost|p1b: Arcanine|atk|1\n|move|p2b: Road Hauler|Thunderbolt|p1a: Gyarados\n|-supereffective|p1a: Gyarados\n|-damage|p1a: Gyarados|21\/100 par\n|move|p1b: Arcanine|Snarl|p2b: Road Hauler|[spread] p2a,p2b\n|-damage|p2a: Sideways|83\/100\n|-damage|p2b: Road Hauler|89\/100\n|-unboost|p2a: Sideways|spa|1\n|-unboost|p2b: Road Hauler|spa|1\n|move|p1a: Gyarados|Tera Blast|p2b: Road Hauler\n|-resisted|p2b: Road Hauler\n|-damage|p2b: Road Hauler|55\/100\n|\n|upkeep\n|turn|7\n|inactive|Gracamol has 30 seconds left.\n|\n|t:|1681828277\n|cant|p1a: Gyarados|par\n|move|p2b: Road Hauler|Thunderbolt|p1a: Gyarados\n|-supereffective|p1a: Gyarados\n|-damage|p1a: Gyarados|0 fnt\n|faint|p1a: Gyarados\n|move|p1b: Arcanine|Flare Blitz|p2a: Sideways\n|-supereffective|p2a: Sideways\n|-damage|p2a: Sideways|36\/100\n|-damage|p1b: Arcanine|21\/100|[from] Recoil\n|move|p2a: Sideways|Close Combat|p1b: Arcanine\n|-damage|p1b: Arcanine|0 fnt\n|-unboost|p2a: Sideways|def|1\n|-unboost|p2a: Sideways|spd|1\n|faint|p1b: Arcanine\n|\n|upkeep\n|\n|t:|1681828294\n|switch|p1a: Dragonite|Dragonite, L50, F|81\/100\n|switch|p1b: Chien-Pao|Chien-Pao, L50|100\/100\n|-ability|p1b: Chien-Pao|Sword of Ruin\n|turn|8\n|\n|t:|1681828310\n|switch|p2a: Skullgrin|Grimmsnarl, L50, M|48\/100\n|move|p2b: Road Hauler|Protect|p2b: Road Hauler\n|-singleturn|p2b: Road Hauler|Protect\n|move|p1a: Dragonite|Extreme Speed|p2b: Road Hauler\n|-activate|p2b: Road Hauler|move: Protect\n|move|p1b: Chien-Pao|Sacred Sword|p2a: Skullgrin\n|-damage|p2a: Skullgrin|20\/100\n|\n|-sideend|p2: Gracamol|Reflect\n|upkeep\n|turn|9\n|inactive|Ricardo Randorez has 30 seconds left.\n|\n|t:|1681828338\n|move|p1a: Dragonite|Extreme Speed|p2b: Road Hauler\n|-damage|p2b: Road Hauler|0 fnt\n|faint|p2b: Road Hauler\n|-end|p2b: Road Hauler|Protosynthesis|[silent]\n|move|p2a: Skullgrin|Reflect|p2a: Skullgrin\n|-sidestart|p2: Gracamol|Reflect\n|move|p1b: Chien-Pao|Sacred Sword|p2a: Skullgrin\n|-damage|p2a: Skullgrin|0 fnt\n|faint|p2a: Skullgrin\n|\n|upkeep\n|\n|t:|1681828344\n|switch|p2b: Sideways|Tauros-Paldea-Aqua, L50, M, tera:Steel|36\/100\n|switch|p2a: Blitzwing|Iron Bundle, L50|5\/100\n|-ability|p2b: Sideways|Intimidate|boost\n|-fail|p1a: Dragonite|unboost|Attack|[from] ability: Inner Focus|[of] p1a: Dragonite\n|-unboost|p1b: Chien-Pao|atk|1\n|turn|10\n|\n|t:|1681828357\n|move|p1a: Dragonite|Extreme Speed|p2a: Blitzwing\n|-damage|p2a: Blitzwing|0 fnt\n|faint|p2a: Blitzwing\n|-end|p2a: Blitzwing|Quark Drive|[silent]\n|move|p1b: Chien-Pao|Sacred Sword|p2b: Sideways\n|-supereffective|p2b: Sideways\n|-damage|p2b: Sideways|3\/100\n|move|p2b: Sideways|Iron Head|p1b: Chien-Pao\n|-supereffective|p1b: Chien-Pao\n|-enditem|p1b: Chien-Pao|Focus Sash\n|-damage|p1b: Chien-Pao|1\/100\n|\n|upkeep\n|turn|11\n|\n|t:|1681828372\n|move|p1a: Dragonite|Extreme Speed|p2b: Sideways\n|-resisted|p2b: Sideways\n|-damage|p2b: Sideways|0 fnt\n|faint|p2b: Sideways\n|\n|win|Ricardo Randorez\n|raw|Ricardo Randorez's rating: 1252 → 1270<\/strong> (+18 for winning)\n|raw|Gracamol's rating: 1145 → 1127<\/strong> (-18 for losing)\n|l|\u2606Gracamol\n","uploadtime":1681828380,"views":7,"p1id":"ricardorandorez","p2id":"gracamol","formatid":"gen9vgc2023regulationc","rating":1127,"private":0,"password":""}