{"id":"gen9vgc2023regulationc-1845980900","p1":"GrizzleGhast","p2":"LeMickeyMaushold","format":"[Gen 9] VGC 2023 Regulation C","log":"|j|\u2606GrizzleGhast\n|j|\u2606LeMickeyMaushold\n|t:|1681786810\n|gametype|doubles\n|player|p1|GrizzleGhast|brycenman|1094\n|player|p2|LeMickeyMaushold|hoopster|1186\n|teamsize|p1|6\n|teamsize|p2|6\n|gen|9\n|tier|[Gen 9] VGC 2023 Regulation C\n|rated|\n|rule|Species Clause: Limit one of each Pok\u00e9mon\n|rule|Item Clause: Limit one of each item\n|clearpoke\n|poke|p1|Wo-Chien, L50|\n|poke|p1|Flutter Mane, L50|\n|poke|p1|Glimmora, L50, M|\n|poke|p1|Ting-Lu, L50|\n|poke|p1|Baxcalibur, L50, F|\n|poke|p1|Garganacl, L50, M|\n|poke|p2|Breloom, L50, M|\n|poke|p2|Iron Jugulis, L50|\n|poke|p2|Kingambit, L50, M|\n|poke|p2|Arcanine, L50, F|\n|poke|p2|Iron Bundle, L50|\n|poke|p2|Rotom-Wash, L50|\n|teampreview|4\n|inactive|Battle timer is ON: inactive players will automatically lose when time's up. (requested by LeMickeyMaushold)\nLeMickeyMaushold has agreed to open team sheets.\n|j| EV4Ever\nGrizzleGhast rejected open team sheets.\n|inactive|LeMickeyMaushold has 60 seconds left.\n|\n|t:|1681786850\n|start\n|switch|p1a: Wo-Chien|Wo-Chien, L50|100\/100\n|switch|p1b: Glimmora|Glimmora, L50, M|100\/100\n|switch|p2a: Iron Bundle|Iron Bundle, L50|100\/100\n|switch|p2b: Iron Jugulis|Iron Jugulis, L50|100\/100\n|-ability|p1a: Wo-Chien|Tablets of Ruin\n|-enditem|p2b: Iron Jugulis|Booster Energy\n|-activate|p2b: Iron Jugulis|ability: Quark Drive|[fromitem]\n|-start|p2b: Iron Jugulis|quarkdrivespe\n|turn|1\n|inactive|GrizzleGhast has 30 seconds left.\n|inactive|LeMickeyMaushold has 30 seconds left.\n|inactive|GrizzleGhast has 20 seconds left.\n|\n|t:|1681786890\n|-terastallize|p1a: Wo-Chien|Poison\n|move|p2b: Iron Jugulis|Snarl|p1a: Wo-Chien|[spread] p1a,p1b\n|-damage|p1a: Wo-Chien|91\/100\n|-damage|p1b: Glimmora|83\/100\n|-unboost|p1a: Wo-Chien|spa|1\n|-unboost|p1b: Glimmora|spa|1\n|move|p2a: Iron Bundle|Hydro Pump|p1b: Glimmora\n|-supereffective|p1b: Glimmora\n|-damage|p1b: Glimmora|0 fnt\n|faint|p1b: Glimmora\n|move|p1a: Wo-Chien|Leech Seed|p2a: Iron Bundle\n|-start|p2a: Iron Bundle|move: Leech Seed\n|\n|-heal|p1a: Wo-Chien|97\/100|[from] item: Leftovers\n|-damage|p2a: Iron Bundle|88\/100|[from] Leech Seed|[of] p1a: Wo-Chien\n|-heal|p1a: Wo-Chien|100\/100|[silent]\n|upkeep\n|\n|t:|1681786908\n|switch|p1b: Ting-Lu|Ting-Lu, L50|100\/100\n|-ability|p1b: Ting-Lu|Vessel of Ruin\n|turn|2\n|\n|t:|1681786928\n|-end|p2a: Iron Bundle|Quark Drive|[silent]\n|switch|p2a: Breloom|Breloom, L50, M|100\/100\n|move|p2b: Iron Jugulis|Air Slash|p1a: Wo-Chien\n|-damage|p1a: Wo-Chien|86\/100\n|move|p1a: Wo-Chien|Leech Seed|p2b: Iron Jugulis|[miss]\n|-miss|p1a: Wo-Chien|p2b: Iron Jugulis\n|move|p1b: Ting-Lu|Stone Edge|p2b: Iron Jugulis|[miss]\n|-miss|p1b: Ting-Lu|p2b: Iron Jugulis\n|\n|-heal|p1a: Wo-Chien|93\/100|[from] item: Leftovers\n|upkeep\n|turn|3\n|inactive|LeMickeyMaushold has 30 seconds left.\n|\n|t:|1681786955\n|-end|p2b: Iron Jugulis|Quark Drive|[silent]\n|switch|p2b: Iron Bundle|Iron Bundle, L50|88\/100\n|move|p2a: Breloom|Spore|p1a: Wo-Chien\n|-status|p1a: Wo-Chien|slp|[from] move: Spore\n|cant|p1a: Wo-Chien|slp\n|move|p1b: Ting-Lu|Fissure|p2a: Breloom|[miss]\n|-miss|p1b: Ting-Lu|p2a: Breloom\n|\n|-heal|p1a: Wo-Chien|99\/100 slp|[from] item: Leftovers\n|upkeep\n|turn|4\n|\n|t:|1681786973\n|move|p2b: Iron Bundle|Hydro Pump|p1a: Wo-Chien\n|-damage|p1a: Wo-Chien|75\/100 slp\n|move|p2a: Breloom|Spore|p1b: Ting-Lu\n|-status|p1b: Ting-Lu|slp|[from] move: Spore\n|-curestatus|p1a: Wo-Chien|slp|[msg]\n|move|p1a: Wo-Chien|Leech Seed|p2b: Iron Bundle\n|-start|p2b: Iron Bundle|move: Leech Seed\n|cant|p1b: Ting-Lu|slp\n|\n|-heal|p1a: Wo-Chien|82\/100|[from] item: Leftovers\n|-damage|p2b: Iron Bundle|76\/100|[from] Leech Seed|[of] p1a: Wo-Chien\n|-heal|p1a: Wo-Chien|90\/100|[silent]\n|upkeep\n|turn|5\n|\n|t:|1681786992\n|move|p1a: Wo-Chien|Protect|p1a: Wo-Chien\n|-singleturn|p1a: Wo-Chien|Protect\n|move|p2b: Iron Bundle|Freeze-Dry|p1b: Ting-Lu\n|-supereffective|p1b: Ting-Lu\n|-damage|p1b: Ting-Lu|68\/100 slp\n|move|p2a: Breloom|Bullet Seed|p1b: Ting-Lu\n|-supereffective|p1b: Ting-Lu\n|-damage|p1b: Ting-Lu|49\/100 slp\n|-supereffective|p1b: Ting-Lu\n|-damage|p1b: Ting-Lu|31\/100 slp\n|-supereffective|p1b: Ting-Lu\n|-damage|p1b: Ting-Lu|13\/100 slp\n|-supereffective|p1b: Ting-Lu\n|-damage|p1b: Ting-Lu|0 fnt\n|faint|p1b: Ting-Lu\n|-hitcount|p1: Ting-Lu|4\n|\n|-heal|p1a: Wo-Chien|96\/100|[from] item: Leftovers\n|-damage|p2b: Iron Bundle|64\/100|[from] Leech Seed|[of] p1a: Wo-Chien\n|-heal|p1a: Wo-Chien|100\/100|[silent]\n|upkeep\n|\n|t:|1681787011\n|switch|p1b: Garganacl|Garganacl, L50, M|100\/100\n|turn|6\n|\n|t:|1681787028\n|-end|p2b: Iron Bundle|Quark Drive|[silent]\n|switch|p2b: Iron Jugulis|Iron Jugulis, L50|100\/100\n|move|p2a: Breloom|Bullet Seed|p1b: Garganacl\n|-supereffective|p1b: Garganacl\n|-damage|p1b: Garganacl|76\/100\n|-supereffective|p1b: Garganacl\n|-damage|p1b: Garganacl|55\/100\n|-supereffective|p1b: Garganacl\n|-damage|p1b: Garganacl|34\/100\n|-enditem|p1b: Garganacl|Sitrus Berry|[eat]\n|-heal|p1b: Garganacl|59\/100|[from] item: Sitrus Berry\n|-supereffective|p1b: Garganacl\n|-damage|p1b: Garganacl|37\/100\n|-supereffective|p1b: Garganacl\n|-damage|p1b: Garganacl|13\/100\n|-hitcount|p1b: Garganacl|5\n|move|p1a: Wo-Chien|Pollen Puff|p2a: Breloom\n|-damage|p2a: Breloom|75\/100\n|move|p1b: Garganacl|Salt Cure|p2a: Breloom\n|-resisted|p2a: Breloom\n|-damage|p2a: Breloom|68\/100\n|-start|p2a: Breloom|Salt Cure\n|\n|-damage|p2a: Breloom|56\/100|[from] Salt Cure\n|upkeep\n|turn|7\n|inactive|GrizzleGhast has 30 seconds left.\n|inactive|LeMickeyMaushold has 30 seconds left.\n|inactive|GrizzleGhast has 20 seconds left.\n|\n|t:|1681787064\n|switch|p2a: Kingambit|Kingambit, L50, M|100\/100\n|move|p1b: Garganacl|Protect|p1b: Garganacl\n|-singleturn|p1b: Garganacl|Protect\n|move|p2b: Iron Jugulis|Snarl|p1a: Wo-Chien|[spread] p1a\n|-activate|p1b: Garganacl|move: Protect\n|-damage|p1a: Wo-Chien|91\/100\n|-unboost|p1a: Wo-Chien|spa|1\n|move|p1a: Wo-Chien|Leech Seed|p2b: Iron Jugulis\n|-start|p2b: Iron Jugulis|move: Leech Seed\n|\n|-heal|p1a: Wo-Chien|97\/100|[from] item: Leftovers\n|-damage|p2b: Iron Jugulis|88\/100|[from] Leech Seed|[of] p1a: Wo-Chien\n|-heal|p1a: Wo-Chien|100\/100|[silent]\n|upkeep\n|turn|8\n|inactive|GrizzleGhast has 30 seconds left.\n|\n|t:|1681787094\n|move|p2b: Iron Jugulis|Snarl|p1a: Wo-Chien|[spread] p1a,p1b\n|-damage|p1a: Wo-Chien|90\/100\n|-damage|p1b: Garganacl|0 fnt\n|-unboost|p1a: Wo-Chien|spa|1\n|faint|p1b: Garganacl\n|move|p1a: Wo-Chien|Leech Seed|p2a: Kingambit\n|-start|p2a: Kingambit|move: Leech Seed\n|move|p2a: Kingambit|Kowtow Cleave|p1a: Wo-Chien\n|-damage|p1a: Wo-Chien|57\/100\n|\n|-heal|p1a: Wo-Chien|63\/100|[from] item: Leftovers\n|-damage|p2b: Iron Jugulis|76\/100|[from] Leech Seed|[of] p1a: Wo-Chien\n|-heal|p1a: Wo-Chien|76\/100|[silent]\n|-damage|p2a: Kingambit|88\/100|[from] Leech Seed|[of] p1a: Wo-Chien\n|-heal|p1a: Wo-Chien|89\/100|[silent]\n|upkeep\n|turn|9\n|\n|t:|1681787111\n|-end|p2b: Iron Jugulis|Quark Drive|[silent]\n|switch|p2b: Iron Bundle|Iron Bundle, L50|64\/100\n|switch|p2a: Breloom|Breloom, L50, M|56\/100\n|move|p1a: Wo-Chien|Protect||[still]\n|-fail|p1a: Wo-Chien\n|\n|-heal|p1a: Wo-Chien|95\/100|[from] item: Leftovers\n|upkeep\n|turn|10\n|\n|t:|1681787123\n|move|p2b: Iron Bundle|Hydro Pump|p1a: Wo-Chien\n|-damage|p1a: Wo-Chien|64\/100\n|move|p2a: Breloom|Spore|p1a: Wo-Chien\n|-status|p1a: Wo-Chien|slp|[from] move: Spore\n|cant|p1a: Wo-Chien|slp\n|\n|-heal|p1a: Wo-Chien|70\/100 slp|[from] item: Leftovers\n|upkeep\n|turn|11\n|\n|t:|1681787136\n|switch|p2a: Iron Jugulis|Iron Jugulis, L50|76\/100\n|move|p2b: Iron Bundle|Freeze-Dry|p1a: Wo-Chien\n|-crit|p1a: Wo-Chien\n|-damage|p1a: Wo-Chien|37\/100 slp\n|cant|p1a: Wo-Chien|slp\n|\n|-heal|p1a: Wo-Chien|43\/100 slp|[from] item: Leftovers\n|upkeep\n|turn|12\n|\n|t:|1681787147\n|cant|p1a: Wo-Chien|slp\n|move|p2b: Iron Bundle|Freeze-Dry|p1a: Wo-Chien\n|-damage|p1a: Wo-Chien|22\/100 slp\n|move|p2a: Iron Jugulis|Air Slash|p1a: Wo-Chien\n|-damage|p1a: Wo-Chien|3\/100 slp\n|\n|-heal|p1a: Wo-Chien|9\/100 slp|[from] item: Leftovers\n|upkeep\n|turn|13\n|\n|t:|1681787158\n|-curestatus|p1a: Wo-Chien|slp|[msg]\n|move|p1a: Wo-Chien|Protect|p1a: Wo-Chien\n|-singleturn|p1a: Wo-Chien|Protect\n|move|p2b: Iron Bundle|Freeze-Dry|p1a: Wo-Chien\n|-activate|p1a: Wo-Chien|move: Protect\n|move|p2a: Iron Jugulis|Air Slash|p1a: Wo-Chien\n|-activate|p1a: Wo-Chien|move: Protect\n|\n|-heal|p1a: Wo-Chien|16\/100|[from] item: Leftovers\n|upkeep\n|turn|14\n|\n|t:|1681787171\n|move|p1a: Wo-Chien|Protect||[still]\n|-fail|p1a: Wo-Chien\n|move|p2b: Iron Bundle|Freeze-Dry|p1a: Wo-Chien\n|-damage|p1a: Wo-Chien|0 fnt\n|faint|p1a: Wo-Chien\n|\n|win|LeMickeyMaushold\n|raw|GrizzleGhast's rating: 1094 → 1076<\/strong> (-18 for losing)\n|raw|LeMickeyMaushold's rating: 1186 → 1205<\/strong> (+19 for winning)\n|l|\u2606GrizzleGhast\n","uploadtime":1681787185,"views":4,"p1id":"grizzleghast","p2id":"lemickeymaushold","formatid":"gen9vgc2023regulationc","rating":1076,"private":0,"password":""}