{"id":"gen9vgc2023regulationc-1846580726","p1":"haydyg","p2":"H0p5t3r","format":"[Gen 9] VGC 2023 Regulation C","log":"|j|\u2606haydyg\n|j|\u2606H0p5t3r\n|t:|1681853806\n|gametype|doubles\n|player|p1|haydyg|eusine|\n|player|p2|H0p5t3r|guitarist|\n|teamsize|p1|6\n|teamsize|p2|6\n|gen|9\n|tier|[Gen 9] VGC 2023 Regulation C\n|rule|Species Clause: Limit one of each Pok\u00e9mon\n|rule|Item Clause: Limit one of each item\n|clearpoke\n|poke|p1|Impidimp, L5, M|\n|poke|p1|Deerling, L5, F|\n|poke|p1|Fletchling, L5, M|\n|poke|p1|Flittle, L5, M|\n|poke|p1|Goomy, L5, F|\n|poke|p1|Snorunt, L5, M|\n|poke|p2|Azurill, L5, M|\n|poke|p2|Girafarig, L5, M|\n|poke|p2|Toxel, L5, F|\n|poke|p2|Hoppip, L5, F|\n|poke|p2|Gothita, L5, F|\n|poke|p2|Ralts, L5, M|\n|teampreview|4\nH0p5t3r rejected open team sheets.\n|j| Cerpin T\n|j| mharidain\n|c| Cerpin T|e\n|j| LewisG93\n|j| House of Toga\n|c| House of Toga|lets gooooo\n|c| House of Toga|<3 <3\n|c| House of Toga|:-)\n|\n|t:|1681853853\n|start\n|switch|p1a: Flittling|Flittle, L5, M|100\/100\n|switch|p1b: Flettle|Fletchling, L5, M|100\/100\n|switch|p2a: R2D2|Azurill, L5, M|100\/100\n|switch|p2b: EVE|Gothita, L5, F|100\/100\n|turn|1\n|\n|t:|1681853899\n|move|p1a: Flittling|Protect|p1a: Flittling\n|-singleturn|p1a: Flittling|Protect\n|move|p2b: EVE|Fake Out|p1a: Flittling\n|-activate|p1a: Flittling|move: Protect\n|move|p1b: Flettle|U-turn|p2b: EVE\n|-supereffective|p2b: EVE\n|-damage|p2b: EVE|59\/100\n|\n|t:|1681853907\n|switch|p1b: Gomunt|Goomy, L5, F|100\/100|[from] U-turn\n|move|p2a: R2D2|Belly Drum|p2a: R2D2\n|-damage|p2a: R2D2|50\/100\n|-setboost|p2a: R2D2|atk|6|[from] move: Belly Drum\n|-enditem|p2a: R2D2|Sitrus Berry|[eat]\n|-heal|p2a: R2D2|75\/100|[from] item: Sitrus Berry\n|\n|-ability|p1a: Flittling|Speed Boost|boost\n|-boost|p1a: Flittling|spe|1\n|upkeep\n|turn|2\n|\n|t:|1681853962\n|move|p1a: Flittling|Calm Mind|p1a: Flittling\n|-boost|p1a: Flittling|spa|1\n|-boost|p1a: Flittling|spd|1\n|move|p2b: EVE|Calm Mind|p2b: EVE\n|-boost|p2b: EVE|spa|1\n|-boost|p2b: EVE|spd|1\n|move|p1b: Gomunt|Sludge Bomb|p2a: R2D2\n|-supereffective|p2a: R2D2\n|-damage|p2a: R2D2|9\/100\n|move|p2a: R2D2|Facade|p1a: Flittling\n|-damage|p1a: Flittling|0 fnt\n|faint|p1a: Flittling\n|\n|upkeep\n|c| Cerpin T|the doubke\n|\n|t:|1681853975\n|switch|p1a: Impling|Impidimp, L5, M|100\/100\n|turn|3\n|j| tap water gang\n|\n|t:|1681854027\n|move|p2a: R2D2|Protect|p2a: R2D2\n|-singleturn|p2a: R2D2|Protect\n|move|p1a: Impling|Fake Out|p2a: R2D2\n|-activate|p2a: R2D2|move: Protect\n|move|p2b: EVE|Psychic|p1b: Gomunt\n|-damage|p1b: Gomunt|63\/100\n|move|p1b: Gomunt|Draco Meteor|p2b: EVE\n|-damage|p2b: EVE|34\/100\n|-unboost|p1b: Gomunt|spa|2\n|\n|upkeep\n|turn|4\n|l| tap water gang\n|\n|t:|1681854092\n|move|p1a: Impling|Parting Shot|p2b: EVE\n|-unboost|p2b: EVE|atk|1\n|-unboost|p2b: EVE|spa|1\n|\n|t:|1681854096\n|switch|p1a: Flettle|Fletchling, L5, M|100\/100|[from] Parting Shot\n|move|p2a: R2D2|Aqua Jet|p1a: Flettle\n|-enditem|p1a: Flettle|Focus Sash\n|-damage|p1a: Flettle|5\/100\n|move|p1b: Gomunt|Rock Slide|p2a: R2D2|[spread] p2a,p2b\n|-damage|p2a: R2D2|0 fnt\n|-damage|p2b: EVE|25\/100\n|faint|p2a: R2D2\n|cant|p2b: EVE|flinch\n|\n|upkeep\n|\n|t:|1681854114\n|switch|p2a: Marvin|Ralts, L5, M|100\/100\n|-ability|p2a: Marvin|Gale Wings|[from] ability: Trace|[of] p1a: Flettle\n|turn|5\n|j| tap water gang\n|\n|t:|1681854167\n|move|p1a: Flettle|U-turn|p2b: EVE\n|-supereffective|p2b: EVE\n|-damage|p2b: EVE|0 fnt\n|faint|p2b: EVE\n|\n|t:|1681854170\n|switch|p1a: Impling|Impidimp, L5, M|100\/100|[from] U-turn\n|move|p1b: Gomunt|Rock Slide|p2a: Marvin\n|-damage|p2a: Marvin|73\/100\n|move|p2a: Marvin|Trick Room|p2a: Marvin\n|-fieldstart|move: Trick Room|[of] p2a: Marvin\n|\n|upkeep\n|\n|t:|1681854181\n|switch|p2b: Mechagodzilla|Girafarig, L5, M|100\/100\n|turn|6\n|\n|t:|1681854230\n|move|p1a: Impling|Fake Out|p2b: Mechagodzilla\n|-damage|p2b: Mechagodzilla|88\/100\n|move|p1b: Gomunt|Rock Slide|p2a: Marvin|[spread] p2a\n|-miss|p1b: Gomunt|p2b: Mechagodzilla\n|-damage|p2a: Marvin|55\/100\n|move|p2a: Marvin|Dazzling Gleam|p1a: Impling|[spread] p1a,p1b\n|-supereffective|p1a: Impling\n|-supereffective|p1b: Gomunt\n|-damage|p1a: Impling|17\/100\n|-damage|p1b: Gomunt|13\/100\n|move|p2b: Mechagodzilla|Dazzling Gleam|p1a: Impling|[spread] p1a,p1b\n|-supereffective|p1a: Impling\n|-supereffective|p1b: Gomunt\n|-damage|p1a: Impling|0 fnt\n|-damage|p1b: Gomunt|0 fnt\n|faint|p1a: Impling\n|faint|p1b: Gomunt\n|-damage|p2b: Mechagodzilla|80\/100|[from] item: Life Orb\n|\n|upkeep\n|c| tap water gang|My battery is probably going to die at some point but gl haydn\n|c| House of Toga|:0\n|c| House of Toga|:O\n|\n|t:|1681854250\n|switch|p1b: Flettle|Fletchling, L5, M|5\/100\n|turn|7\n|c| tap water gang|Um\n|c|\u2606haydyg|oh my\n|c| tap water gang|Whoops\n|\n|t:|1681854272\n|move|p2a: Marvin|Dazzling Gleam|p1b: Flettle\n|-damage|p1b: Flettle|0 fnt\n|faint|p1b: Flettle\n|\n|win|H0p5t3r\n|c|\u2606haydyg|gg :()\n","uploadtime":1681854281,"views":17,"p1id":"haydyg","p2id":"h0p5t3r","formatid":"gen9vgc2023regulationc","rating":0,"private":0,"password":""}