{"id":"gen9vgc2023regulationc-1854985604","p1":"sasavegeta","p2":"CoeVGC","format":"[Gen 9] VGC 2023 Regulation C","log":"|j|\u2606sasavegeta\n|j|\u2606CoeVGC\n|t:|1682887921\n|gametype|doubles\n|player|p1|sasavegeta|smasher|1168\n|player|p2|CoeVGC|169|1121\n|teamsize|p1|6\n|teamsize|p2|6\n|gen|9\n|tier|[Gen 9] VGC 2023 Regulation C\n|rated|\n|rule|Species Clause: Limit one of each Pok\u00e9mon\n|rule|Item Clause: Limit one of each item\n|clearpoke\n|poke|p1|Iron Bundle, L50|\n|poke|p1|Flutter Mane, L50|\n|poke|p1|Ting-Lu, L50|\n|poke|p1|Arcanine, L50, M|\n|poke|p1|Amoonguss, L50, F|\n|poke|p1|Dragonite, L50, M|\n|poke|p2|Scream Tail, L50|\n|poke|p2|Gyarados, L50, M|\n|poke|p2|Talonflame, L50, F|\n|poke|p2|Chien-Pao, L50|\n|poke|p2|Iron Hands, L50|\n|poke|p2|Maushold, L50|\n|teampreview|4\n|inactive|Battle timer is ON: inactive players will automatically lose when time's up. (requested by sasavegeta)\n|inactive|sasavegeta has 60 seconds left.\n|inactive|CoeVGC has 60 seconds left.\n|\n|t:|1682887979\n|start\n|switch|p1a: Iron Bundle|Iron Bundle, L50|100\/100\n|switch|p1b: Flutter Mane|Flutter Mane, L50|100\/100\n|switch|p2a: Scream Tail|Scream Tail, L50, shiny|100\/100\n|switch|p2b: Gyarados|Gyarados, L50, M, shiny|100\/100\n|-ability|p2b: Gyarados|Intimidate|boost\n|-unboost|p1a: Iron Bundle|atk|1\n|-unboost|p1b: Flutter Mane|atk|1\n|-enditem|p1b: Flutter Mane|Booster Energy\n|-activate|p1b: Flutter Mane|ability: Protosynthesis|[fromitem]\n|-start|p1b: Flutter Mane|protosynthesisspa\n|turn|1\n|inactive|sasavegeta has 30 seconds left.\n|inactive|CoeVGC has 30 seconds left.\n|\n|t:|1682888011\n|move|p1b: Flutter Mane|Protect|p1b: Flutter Mane\n|-singleturn|p1b: Flutter Mane|Protect\n|move|p2b: Gyarados|Protect|p2b: Gyarados\n|-singleturn|p2b: Gyarados|Protect\n|move|p1a: Iron Bundle|Freeze-Dry|p2b: Gyarados\n|-activate|p2b: Gyarados|move: Protect\n|move|p2a: Scream Tail|Howl|p2a: Scream Tail|[spread] p2a,p2b\n|-boost|p2a: Scream Tail|atk|1\n|-boost|p2b: Gyarados|atk|1\n|\n|upkeep\n|turn|2\n|inactive|sasavegeta has 30 seconds left.\n|inactive|CoeVGC has 30 seconds left.\n|inactive|CoeVGC has 20 seconds left.\n|inactive|CoeVGC has 15 seconds left.\n|\n|t:|1682888054\n|-terastallize|p2b: Gyarados|Ground\n|move|p1a: Iron Bundle|Freeze-Dry|p2b: Gyarados\n|-supereffective|p2b: Gyarados\n|-damage|p2b: Gyarados|38\/100\n|move|p1b: Flutter Mane|Shadow Ball|p2b: Gyarados\n|-damage|p2b: Gyarados|0 fnt\n|faint|p2b: Gyarados\n|move|p2a: Scream Tail|Howl|p2a: Scream Tail\n|-boost|p2a: Scream Tail|atk|1\n|\n|upkeep\n|\n|t:|1682888070\n|switch|p2b: Iron Hands|Iron Hands, L50, shiny|100\/100\n|turn|3\n|inactive|sasavegeta has 30 seconds left.\n|\n|t:|1682888098\n|move|p1a: Iron Bundle|Protect|p1a: Iron Bundle\n|-singleturn|p1a: Iron Bundle|Protect\n|move|p1b: Flutter Mane|Moonblast|p2b: Iron Hands\n|-supereffective|p2b: Iron Hands\n|-crit|p2b: Iron Hands\n|-damage|p2b: Iron Hands|2\/100\n|move|p2a: Scream Tail|Howl|p2a: Scream Tail|[spread] p2a,p2b\n|-boost|p2a: Scream Tail|atk|1\n|-boost|p2b: Iron Hands|atk|1\n|move|p2b: Iron Hands|Wild Charge|p1a: Iron Bundle\n|-activate|p1a: Iron Bundle|move: Protect\n|\n|upkeep\n|turn|4\n|inactive|sasavegeta has 30 seconds left.\n|\n|t:|1682888125\n|-end|p2b: Iron Hands|Quark Drive|[silent]\n|switch|p2b: Chien-Pao|Chien-Pao, L50|100\/100\n|-ability|p2b: Chien-Pao|Sword of Ruin\n|move|p1a: Iron Bundle|Icy Wind|p2a: Scream Tail|[spread] p2a,p2b\n|-resisted|p2b: Chien-Pao\n|-crit|p2b: Chien-Pao\n|-damage|p2a: Scream Tail|87\/100\n|-damage|p2b: Chien-Pao|74\/100\n|-unboost|p2a: Scream Tail|spe|1\n|-unboost|p2b: Chien-Pao|spe|1\n|move|p1b: Flutter Mane|Shadow Ball|p2a: Scream Tail\n|-supereffective|p2a: Scream Tail\n|-damage|p2a: Scream Tail|11\/100\n|-unboost|p2a: Scream Tail|spd|1\n|move|p2a: Scream Tail|Baton Pass|p2a: Scream Tail\n|\n|t:|1682888141\n|-end|p2a: Scream Tail|Protosynthesis|[silent]\n|switch|p2a: Iron Hands|Iron Hands, L50, shiny|2\/100|[from] Baton Pass\n|\n|upkeep\n|turn|5\n|\n|t:|1682888150\n|move|p2a: Iron Hands|Fake Out|p1a: Iron Bundle\n|-damage|p1a: Iron Bundle|42\/100\n|move|p2b: Chien-Pao|Sucker Punch|p1b: Flutter Mane\n|-damage|p1b: Flutter Mane|17\/100\n|cant|p1a: Iron Bundle|flinch\n|move|p1b: Flutter Mane|Dazzling Gleam|p2a: Iron Hands|[spread] p2a,p2b\n|-supereffective|p2a: Iron Hands\n|-supereffective|p2b: Chien-Pao\n|-damage|p2a: Iron Hands|0 fnt\n|-damage|p2b: Chien-Pao|0 fnt\n|faint|p2a: Iron Hands\n|-end|p2a: Iron Hands|Quark Drive|[silent]\n|faint|p2b: Chien-Pao\n|\n|upkeep\n|\n|t:|1682888169\n|switch|p2b: Scream Tail|Scream Tail, L50, shiny|11\/100\n|turn|6\n|\n|t:|1682888178\n|-end|p1b: Flutter Mane|Protosynthesis|[silent]\n|switch|p1b: Amoonguss|Amoonguss, L50, F|100\/100\n|move|p1a: Iron Bundle|Freeze-Dry|p2b: Scream Tail\n|-damage|p2b: Scream Tail|0 fnt\n|faint|p2b: Scream Tail\n|-end|p2b: Scream Tail|Protosynthesis|[silent]\n|\n|win|sasavegeta\n|raw|sasavegeta's rating: 1168 → 1190<\/strong> (+22 for winning)\n|raw|CoeVGC's rating: 1121 → 1099<\/strong> (-22 for losing)\n","uploadtime":1682888189,"views":5,"p1id":"sasavegeta","p2id":"coevgc","formatid":"gen9vgc2023regulationc","rating":1099,"private":0,"password":""}