{"id":"gen9vgc2023regulationc-1849934149","p1":"Greedent Enjoyer","p2":"thejordanvgc","format":"[Gen 9] VGC 2023 Regulation C","log":"|j|\u2606Greedent Enjoyer\n|j|\u2606thejordanvgc\n|t:|1682269678\n|gametype|doubles\n|player|p1|Greedent Enjoyer|artist|\n|player|p2|thejordanvgc|101|\n|teamsize|p1|6\n|teamsize|p2|6\n|gen|9\n|tier|[Gen 9] VGC 2023 Regulation C\n|rule|Species Clause: Limit one of each Pok\u00e9mon\n|rule|Item Clause: Limit one of each item\n|clearpoke\n|poke|p1|Sableye, L50, F|\n|poke|p1|Iron Moth, L50|\n|poke|p1|Iron Treads, L50|\n|poke|p1|Noivern, L50, M|\n|poke|p1|Tauros-Paldea-Aqua, L50, M|\n|poke|p1|Brambleghast, L50, M|\n|poke|p2|Flutter Mane, L50|\n|poke|p2|Maushold, L50|\n|poke|p2|Tatsugiri, L50, F|\n|poke|p2|Oranguru, L50, F|\n|poke|p2|Dondozo, L50, F|\n|poke|p2|Copperajah, L50, M|\n|teampreview|4\n|j| SuitedTrainer01\n|j| RealDarthJim\n|c|\u2606thejordanvgc|hi!\n|c|\u2606thejordanvgc|g1\nthejordanvgc rejected open team sheets.\n|c|\u2606thejordanvgc|gl hf\n|c|\u2606Greedent Enjoyer|glhf\n|\n|t:|1682269851\n|start\n|switch|p1a: Nargacuga|Noivern, L50, M|100\/100\n|switch|p1b: Brambleghast|Brambleghast, L50, M|100\/100\n|switch|p2a: Gaming|Maushold, L50|100\/100\n|switch|p2b: VBL|Oranguru, L50, F|100\/100\n|-item|p2a: Gaming|Wide Lens|[from] ability: Frisk|[of] p1a: Nargacuga|[identify]\n|-item|p2b: VBL|Mental Herb|[from] ability: Frisk|[of] p1a: Nargacuga|[identify]\n|turn|1\n|c| SuitedTrainer01|Brambleghast the Brambleghast\n|\n|t:|1682269943\n|move|p2a: Gaming|Follow Me|p2a: Gaming\n|-singleturn|p2a: Gaming|move: Follow Me\n|move|p1a: Nargacuga|Taunt|p2a: Gaming\n|-start|p2a: Gaming|move: Taunt\n|move|p1b: Brambleghast|Bullet Seed|p2a: Gaming\n|-damage|p2a: Gaming|78\/100\n|-damage|p2a: Gaming|58\/100\n|-damage|p2a: Gaming|35\/100\n|-damage|p2a: Gaming|13\/100\n|-crit|p2a: Gaming\n|-damage|p2a: Gaming|0 fnt\n|faint|p2a: Gaming\n|-hitcount|p2: Gaming|5\n|move|p2b: VBL|Trick Room|p2b: VBL\n|-fieldstart|move: Trick Room|[of] p2b: VBL\n|\n|upkeep\n|\n|t:|1682269960\n|switch|p2a: ACAB|Copperajah, L50, M|100\/100\n|turn|2\n|\n|t:|1682269982\n|move|p2a: ACAB|Iron Head|p1b: Brambleghast\n|-damage|p1b: Brambleghast|14\/100\n|move|p2b: VBL|Psychic|p1b: Brambleghast\n|-damage|p1b: Brambleghast|0 fnt\n|faint|p1b: Brambleghast\n|move|p1a: Nargacuga|Super Fang|p2b: VBL|[miss]\n|-miss|p1a: Nargacuga|p2b: VBL\n|\n|upkeep\n|\n|t:|1682269995\n|switch|p1b: Dripros|Tauros-Paldea-Aqua, L50, M|100\/100\n|-ability|p1b: Dripros|Intimidate|boost\n|-unboost|p2a: ACAB|atk|1\n|-fail|p2b: VBL|unboost|Attack|[from] ability: Inner Focus|[of] p2b: VBL\n|turn|3\n|\n|t:|1682270072\n|-terastallize|p1a: Nargacuga|Fire\n|move|p2a: ACAB|Play Rough|p1b: Dripros\n|-supereffective|p1b: Dripros\n|-damage|p1b: Dripros|36\/100\n|move|p2b: VBL|Psychic|p1b: Dripros\n|-supereffective|p1b: Dripros\n|-damage|p1b: Dripros|0 fnt\n|faint|p1b: Dripros\n|move|p1a: Nargacuga|Super Fang|p2b: VBL\n|-damage|p2b: VBL|51\/100\n|\n|upkeep\n|\n|t:|1682270078\n|switch|p1b: Soul of Cinder|Iron Moth, L50|100\/100\n|turn|4\n|\n|t:|1682270109\n|move|p1b: Soul of Cinder|Protect|p1b: Soul of Cinder\n|-singleturn|p1b: Soul of Cinder|Protect\n|move|p2a: ACAB|Earth Power|p1b: Soul of Cinder\n|-activate|p1b: Soul of Cinder|move: Protect\n|move|p2b: VBL|Yawn|p1a: Nargacuga\n|-start|p1a: Nargacuga|move: Yawn|[of] p2b: VBL\n|move|p1a: Nargacuga|Super Fang|p2a: ACAB\n|-damage|p2a: ACAB|50\/100\n|\n|upkeep\n|turn|5\n|\n|t:|1682270150\n|move|p1b: Soul of Cinder|Protect|p1b: Soul of Cinder\n|-singleturn|p1b: Soul of Cinder|Protect\n|move|p2a: ACAB|Earth Power|p1b: Soul of Cinder\n|-activate|p1b: Soul of Cinder|move: Protect\n|move|p2b: VBL|Psychic|p1a: Nargacuga\n|-damage|p1a: Nargacuga|68\/100\n|move|p1a: Nargacuga|Tailwind|p1a: Nargacuga\n|-sidestart|p1: Greedent Enjoyer|move: Tailwind\n|\n|-end|p1a: Nargacuga|move: Yawn|[silent]\n|-status|p1a: Nargacuga|slp\n|-fieldend|move: Trick Room\n|upkeep\n|turn|6\n|\n|t:|1682270175\n|cant|p1a: Nargacuga|slp\n|move|p1b: Soul of Cinder|Fiery Dance|p2a: ACAB\n|-supereffective|p2a: ACAB\n|-damage|p2a: ACAB|0 fnt\n|faint|p2a: ACAB\n|-damage|p1b: Soul of Cinder|90\/100|[from] item: Life Orb\n|move|p2b: VBL|Trick Room|p2b: VBL\n|-fieldstart|move: Trick Room|[of] p2b: VBL\n|\n|upkeep\n|\n|t:|1682270182\n|switch|p2a: Tom|Dondozo, L50, F|100\/100\n|turn|7\n|\n|t:|1682270232\n|move|p2a: Tom|Protect|p2a: Tom\n|-singleturn|p2a: Tom|Protect\n|move|p2b: VBL|Yawn|p1b: Soul of Cinder\n|-start|p1b: Soul of Cinder|move: Yawn|[of] p2b: VBL\n|move|p1b: Soul of Cinder|Energy Ball|p2a: Tom\n|-activate|p2a: Tom|move: Protect\n|cant|p1a: Nargacuga|slp\n|\n|upkeep\n|turn|8\n|\n|t:|1682270258\n|-terastallize|p2a: Tom|Grass\n|move|p2a: Tom|Wave Crash|p1a: Nargacuga\n|-supereffective|p1a: Nargacuga\n|-damage|p1a: Nargacuga|0 fnt\n|faint|p1a: Nargacuga\n|-damage|p2a: Tom|82\/100|[from] Recoil\n|move|p2b: VBL|Psychic|p1b: Soul of Cinder\n|-supereffective|p1b: Soul of Cinder\n|-damage|p1b: Soul of Cinder|27\/100\n|-unboost|p1b: Soul of Cinder|spd|1\n|move|p1b: Soul of Cinder|Energy Ball|p2a: Tom\n|-resisted|p2a: Tom\n|-damage|p2a: Tom|66\/100\n|-damage|p1b: Soul of Cinder|17\/100|[from] item: Life Orb\n|\n|-end|p1b: Soul of Cinder|move: Yawn|[silent]\n|-status|p1b: Soul of Cinder|slp\n|-sideend|p1: Greedent Enjoyer|move: Tailwind\n|upkeep\n|turn|9\n|c|\u2606thejordanvgc|gg\n|\n|t:|1682270276\n|move|p2a: Tom|Wave Crash|p1b: Soul of Cinder\n|-supereffective|p1b: Soul of Cinder\n|-damage|p1b: Soul of Cinder|0 fnt\n|faint|p1b: Soul of Cinder\n|-end|p1b: Soul of Cinder|Quark Drive|[silent]\n|-damage|p2a: Tom|62\/100|[from] Recoil\n|\n|win|thejordanvgc\n|l| RealDarthJim\n|l|\u2606Greedent Enjoyer\n","uploadtime":1682270282,"views":17,"p1id":"greedentenjoyer","p2id":"thejordanvgc","formatid":"gen9vgc2023regulationc","rating":0,"private":0,"password":""}