{"id":"gen9vgc2023regulationc-1858889870","p1":"bentoboxkiller","p2":"4soul","format":"[Gen 9] VGC 2023 Regulation C","log":"|j|\u2606bentoboxkiller\n|j|\u26064soul\n|t:|1683379560\n|gametype|doubles\n|player|p1|bentoboxkiller|170|1358\n|player|p2|4soul|266|1372\n|teamsize|p1|6\n|teamsize|p2|6\n|gen|9\n|tier|[Gen 9] VGC 2023 Regulation C\n|rated|\n|rule|Species Clause: Limit one of each Pok\u00e9mon\n|rule|Item Clause: Limit one of each item\n|clearpoke\n|poke|p1|Indeedee-F, L50, F|\n|poke|p1|Orthworm, L50, M|\n|poke|p1|Ting-Lu, L50|\n|poke|p1|Garchomp, L50, M|\n|poke|p1|Armarouge, L50, F|\n|poke|p1|Tyranitar, L50, M|\n|poke|p2|Maushold-Four, L50|\n|poke|p2|Annihilape, L50, M|\n|poke|p2|Lycanroc, L50, M|\n|poke|p2|Tyranitar, L50, F|\n|poke|p2|Indeedee-F, L50, F|\n|poke|p2|Flutter Mane, L50|\n|teampreview|4\n|inactive|Battle timer is ON: inactive players will automatically lose when time's up. (requested by bentoboxkiller)\n|inactive|4soul has 60 seconds left.\n|\n|t:|1683379613\n|start\n|switch|p1a: Tyranitar|Tyranitar, L50, M, shiny|100\/100\n|switch|p1b: Indeedee|Indeedee-F, L50, F|100\/100\n|switch|p2a: Annihilape|Annihilape, L50, M|100\/100\n|switch|p2b: Flutter Mane|Flutter Mane, L50|100\/100\n|-weather|Sandstorm|[from] ability: Sand Stream|[of] p1a: Tyranitar\n|-fieldstart|move: Psychic Terrain|[from] ability: Psychic Surge|[of] p1b: Indeedee\n|-enditem|p1b: Indeedee|Psychic Seed\n|-boost|p1b: Indeedee|spd|1|[from] item: Psychic Seed\n|-enditem|p2b: Flutter Mane|Booster Energy\n|-activate|p2b: Flutter Mane|ability: Protosynthesis|[fromitem]\n|-start|p2b: Flutter Mane|protosynthesisspa\n|turn|1\n|\n|t:|1683379635\n|-terastallize|p2a: Annihilape|Water\n|-terastallize|p1a: Tyranitar|Flying\n|move|p1b: Indeedee|Follow Me|p1b: Indeedee\n|-singleturn|p1b: Indeedee|move: Follow Me\n|move|p2b: Flutter Mane|Dazzling Gleam|p1a: Tyranitar|[spread] p1a,p1b\n|-damage|p1a: Tyranitar|60\/100\n|-damage|p1b: Indeedee|71\/100\n|move|p2a: Annihilape|Bulk Up|p2a: Annihilape\n|-boost|p2a: Annihilape|atk|1\n|-boost|p2a: Annihilape|def|1\n|move|p1a: Tyranitar|Dragon Dance|p1a: Tyranitar\n|-boost|p1a: Tyranitar|atk|1\n|-boost|p1a: Tyranitar|spe|1\n|\n|-weather|Sandstorm|[upkeep]\n|-damage|p2b: Flutter Mane|94\/100|[from] Sandstorm\n|-damage|p1a: Tyranitar|54\/100|[from] Sandstorm\n|-damage|p2a: Annihilape|94\/100|[from] Sandstorm\n|-damage|p1b: Indeedee|65\/100|[from] Sandstorm\n|-heal|p2a: Annihilape|100\/100|[from] item: Leftovers\n|upkeep\n|turn|2\n|inactive|4soul has 30 seconds left.\n|\n|t:|1683379662\n|move|p2b: Flutter Mane|Protect|p2b: Flutter Mane\n|-singleturn|p2b: Flutter Mane|Protect\n|move|p1b: Indeedee|Follow Me|p1b: Indeedee\n|-singleturn|p1b: Indeedee|move: Follow Me\n|move|p1a: Tyranitar|Dragon Dance|p1a: Tyranitar\n|-boost|p1a: Tyranitar|atk|1\n|-boost|p1a: Tyranitar|spe|1\n|move|p2a: Annihilape|Bulk Up|p2a: Annihilape\n|-boost|p2a: Annihilape|atk|1\n|-boost|p2a: Annihilape|def|1\n|\n|-weather|Sandstorm|[upkeep]\n|-damage|p1a: Tyranitar|48\/100|[from] Sandstorm\n|-damage|p2b: Flutter Mane|88\/100|[from] Sandstorm\n|-damage|p2a: Annihilape|94\/100|[from] Sandstorm\n|-damage|p1b: Indeedee|59\/100|[from] Sandstorm\n|-heal|p2a: Annihilape|100\/100|[from] item: Leftovers\n|upkeep\n|turn|3\n|inactive|4soul has 30 seconds left.\n|\n|t:|1683379693\n|-end|p2b: Flutter Mane|Protosynthesis|[silent]\n|switch|p2b: Indeedee|Indeedee-F, L50, F, shiny|100\/100\n|switch|p1b: Orthworm|Orthworm, L50, M|100\/100\n|move|p1a: Tyranitar|Earthquake|p2a: Annihilape|[spread] p2a,p2b\n|-immune|p1b: Orthworm|[from] ability: Earth Eater\n|-damage|p2a: Annihilape|61\/100\n|-damage|p2b: Indeedee|34\/100\n|-damage|p1a: Tyranitar|38\/100|[from] item: Life Orb\n|move|p2a: Annihilape|Bulk Up|p2a: Annihilape\n|-boost|p2a: Annihilape|atk|1\n|-boost|p2a: Annihilape|def|1\n|\n|-weather|Sandstorm|[upkeep]\n|-damage|p1a: Tyranitar|32\/100|[from] Sandstorm\n|-damage|p2a: Annihilape|55\/100|[from] Sandstorm\n|-heal|p2a: Annihilape|61\/100|[from] item: Leftovers\n|upkeep\n|turn|4\n|\n|t:|1683379716\n|move|p2b: Indeedee|Follow Me|p2b: Indeedee\n|-singleturn|p2b: Indeedee|move: Follow Me\n|move|p1a: Tyranitar|Earthquake|p2b: Indeedee|[spread] p2a,p2b\n|-immune|p1b: Orthworm|[from] ability: Earth Eater\n|-damage|p2a: Annihilape|33\/100\n|-damage|p2b: Indeedee|0 fnt\n|faint|p2b: Indeedee\n|-damage|p1a: Tyranitar|23\/100|[from] item: Life Orb\n|move|p2a: Annihilape|Drain Punch|p1b: Orthworm\n|-supereffective|p1b: Orthworm\n|-damage|p1b: Orthworm|0 fnt\n|-heal|p2a: Annihilape|74\/100|[from] drain|[of] p1b: Orthworm\n|faint|p1b: Orthworm\n|\n|-weather|Sandstorm|[upkeep]\n|-damage|p1a: Tyranitar|17\/100|[from] Sandstorm\n|-damage|p2a: Annihilape|68\/100|[from] Sandstorm\n|-heal|p2a: Annihilape|74\/100|[from] item: Leftovers\n|upkeep\n|\n|t:|1683379735\n|switch|p2b: Maushold|Maushold-Four, L50|100\/100\n|switch|p1b: Garchomp|Garchomp, L50, M|100\/100\n|turn|5\n|inactive|4soul has 30 seconds left.\n|inactive|4soul has 20 seconds left.\n|inactive|4soul has 15 seconds left.\n|inactive|4soul has 10 seconds left.\n|\n|t:|1683379782\n|move|p2b: Maushold|Protect|p2b: Maushold\n|-singleturn|p2b: Maushold|Protect\n|move|p1b: Garchomp|Earthquake|p2b: Maushold|[spread] p2a\n|-activate|p2b: Maushold|move: Protect\n|-immune|p1a: Tyranitar\n|-damage|p2a: Annihilape|60\/100\n|move|p1a: Tyranitar|Tera Blast|p2a: Annihilape\n|-damage|p2a: Annihilape|12\/100\n|-damage|p1a: Tyranitar|7\/100|[from] item: Life Orb\n|move|p2a: Annihilape|Drain Punch|p1b: Garchomp|[miss]\n|-miss|p2a: Annihilape|p1b: Garchomp\n|\n|-weather|none\n|-heal|p2a: Annihilape|18\/100|[from] item: Leftovers\n|-fieldend|move: Psychic Terrain\n|upkeep\n|turn|6\n|c|\u26064soul|lol\n|inactive|bentoboxkiller has 30 seconds left.\n|inactive|4soul has 30 seconds left.\n|\n|t:|1683379816\n|move|p2b: Maushold|Protect||[still]\n|-fail|p2b: Maushold\n|move|p1b: Garchomp|Earthquake|p2b: Maushold|[spread] p2a,p2b\n|-immune|p1a: Tyranitar\n|-damage|p2a: Annihilape|3\/100\n|-damage|p2b: Maushold|41\/100\n|move|p1a: Tyranitar|Earthquake|p2b: Maushold|[spread] p1b,p2a,p2b\n|-crit|p2a: Annihilape\n|-damage|p1b: Garchomp|26\/100\n|-damage|p2a: Annihilape|0 fnt\n|-damage|p2b: Maushold|0 fnt\n|faint|p2a: Annihilape\n|faint|p2b: Maushold\n|-damage|p1a: Tyranitar|0 fnt|[from] item: Life Orb\n|faint|p1a: Tyranitar\n|\n|upkeep\n|c|\u2606bentoboxkiller|:)\n|\n|t:|1683379828\n|switch|p2b: Flutter Mane|Flutter Mane, L50|88\/100\n|switch|p1a: Indeedee|Indeedee-F, L50, F|59\/100\n|-fieldstart|move: Psychic Terrain|[from] ability: Psychic Surge|[of] p1a: Indeedee\n|turn|7\n|\n|t:|1683379836\n|move|p1b: Garchomp|Earthquake|p2b: Flutter Mane|[spread] p1a,p2b\n|-damage|p1a: Indeedee|23\/100\n|-damage|p2b: Flutter Mane|17\/100\n|move|p2b: Flutter Mane|Dazzling Gleam|p1b: Garchomp|[spread] p1a,p1b\n|-supereffective|p1b: Garchomp\n|-damage|p1a: Indeedee|0 fnt\n|-damage|p1b: Garchomp|0 fnt\n|faint|p1a: Indeedee\n|faint|p1b: Garchomp\n|\n|win|4soul\n|raw|bentoboxkiller's rating: 1358 → 1339<\/strong> (-19 for losing)\n|raw|4soul's rating: 1372 → 1391<\/strong> (+19 for winning)\n|c|\u2606bentoboxkiller|gg\n|l|\u2606bentoboxkiller\n","uploadtime":1683379853,"views":13,"p1id":"bentoboxkiller","p2id":"4soul","formatid":"gen9vgc2023regulationc","rating":1339,"private":0,"password":""}