{"id":"gen9vgc2023regulationc-1859011049","p1":"KaesyGard","p2":"Kyle Carlx","format":"[Gen 9] VGC 2023 Regulation C","log":"|j|\u2606KaesyGard\n|j|\u2606Kyle Carlx\n|t:|1683394025\n|gametype|doubles\n|player|p1|KaesyGard|1|\n|player|p2|Kyle Carlx|clay|\n|teamsize|p1|6\n|teamsize|p2|6\n|gen|9\n|tier|[Gen 9] VGC 2023 Regulation C\n|rule|Species Clause: Limit one of each Pok\u00e9mon\n|rule|Item Clause: Limit one of each item\n|clearpoke\n|poke|p1|Ting-Lu, L50|\n|poke|p1|Corviknight, L50, F|\n|poke|p1|Klefki, L50, M|\n|poke|p1|Annihilape, L50, M|\n|poke|p1|Iron Bundle, L50|\n|poke|p1|Brute Bonnet, L50|\n|poke|p2|Flutter Mane, L50|\n|poke|p2|Dragonite, L50, F|\n|poke|p2|Chien-Pao, L50|\n|poke|p2|Dondozo, L50, M|\n|poke|p2|Tatsugiri, L50, M|\n|poke|p2|Iron Hands, L50|\n|teampreview|4\n|j| Litopardo\n|c|\u2606KaesyGard|gl\n|c|\u2606Kyle Carlx|Suerte pibes\n|c|\u2606KaesyGard|suerte\n|\n|t:|1683394146\n|start\n|switch|p1a: Ting-Lu|Ting-Lu, L50|100\/100\n|switch|p1b: Klefki|Klefki, L50, M|100\/100\n|switch|p2a: Flutter Mane|Flutter Mane, L50, shiny|100\/100\n|switch|p2b: Iron Hands|Iron Hands, L50|100\/100\n|-ability|p1a: Ting-Lu|Vessel of Ruin\n|-enditem|p2a: Flutter Mane|Booster Energy\n|-activate|p2a: Flutter Mane|ability: Protosynthesis|[fromitem]\n|-start|p2a: Flutter Mane|protosynthesisspa\n|turn|1\n|\n|t:|1683394179\n|-terastallize|p2a: Flutter Mane|Fairy\n|move|p1a: Ting-Lu|Protect|p1a: Ting-Lu\n|-singleturn|p1a: Ting-Lu|Protect\n|move|p1b: Klefki|Light Screen|p1b: Klefki\n|-sidestart|p1: KaesyGard|move: Light Screen\n|move|p2a: Flutter Mane|Moonblast|p1a: Ting-Lu\n|-activate|p1a: Ting-Lu|move: Protect\n|move|p2b: Iron Hands|Volt Switch|p1b: Klefki\n|-damage|p1b: Klefki|94\/100\n|\n|t:|1683394205\n|-end|p2b: Iron Hands|Quark Drive|[silent]\n|switch|p2b: Chien-Pao|Chien-Pao, L50|100\/100|[from] Volt Switch\n|-ability|p2b: Chien-Pao|Sword of Ruin\n|\n|upkeep\n|turn|2\n|\n|t:|1683394266\n|-end|p2a: Flutter Mane|Protosynthesis|[silent]\n|switch|p2a: Dragonite|Dragonite, L50, F|100\/100\n|switch|p1a: Annihilape|Annihilape, L50, M|100\/100\n|move|p2b: Chien-Pao|Protect|p2b: Chien-Pao\n|-singleturn|p2b: Chien-Pao|Protect\n|move|p1b: Klefki|Reflect|p1b: Klefki\n|-sidestart|p1: KaesyGard|Reflect\n|\n|upkeep\n|turn|3\n|\n|t:|1683394312\n|move|p1a: Annihilape|Protect|p1a: Annihilape\n|-singleturn|p1a: Annihilape|Protect\n|move|p2b: Chien-Pao|Sucker Punch||[still]\n|-fail|p2b: Chien-Pao\n|move|p1b: Klefki|Thunder Wave|p2a: Dragonite\n|-status|p2a: Dragonite|par\n|move|p2a: Dragonite|Outrage|p1b: Klefki\n|-immune|p1b: Klefki\n|\n|upkeep\n|turn|4\n|\n|t:|1683394345\n|move|p2b: Chien-Pao|Sucker Punch||[still]\n|-fail|p2b: Chien-Pao\n|move|p1a: Annihilape|Bulk Up|p1a: Annihilape\n|-boost|p1a: Annihilape|atk|1\n|-boost|p1a: Annihilape|def|1\n|move|p1b: Klefki|Play Rough|p2a: Dragonite\n|-supereffective|p2a: Dragonite\n|-damage|p2a: Dragonite|63\/100 par\n|move|p2a: Dragonite|Outrage|p1a: Annihilape\n|-damage|p1a: Annihilape|40\/100\n|\n|upkeep\n|turn|5\n|\n|t:|1683394392\n|move|p2b: Chien-Pao|Protect|p2b: Chien-Pao\n|-singleturn|p2b: Chien-Pao|Protect\n|move|p1a: Annihilape|Rage Fist|p2a: Dragonite\n|-damage|p2a: Dragonite|0 fnt\n|faint|p2a: Dragonite\n|move|p1b: Klefki|Play Rough|p2b: Chien-Pao\n|-activate|p2b: Chien-Pao|move: Protect\n|\n|upkeep\n|\n|t:|1683394411\n|switch|p2a: Flutter Mane|Flutter Mane, L50, shiny, tera:Fairy|100\/100\n|turn|6\n|\n|t:|1683394429\n|switch|p2b: Iron Hands|Iron Hands, L50|100\/100\n|move|p1b: Klefki|Thunder Wave|p2a: Flutter Mane\n|-status|p2a: Flutter Mane|par\n|move|p1a: Annihilape|Drain Punch|p2b: Iron Hands\n|-damage|p2b: Iron Hands|66\/100\n|-heal|p1a: Annihilape|60\/100|[from] drain|[of] p2b: Iron Hands\n|move|p2a: Flutter Mane|Substitute|p2a: Flutter Mane\n|-start|p2a: Flutter Mane|Substitute\n|-damage|p2a: Flutter Mane|76\/100 par\n|\n|upkeep\n|turn|7\n|\n|t:|1683394473\n|move|p1a: Annihilape|Rage Fist|p2b: Iron Hands\n|-damage|p2b: Iron Hands|25\/100\n|move|p1b: Klefki|Play Rough|p2b: Iron Hands\n|-supereffective|p2b: Iron Hands\n|-damage|p2b: Iron Hands|0 fnt\n|faint|p2b: Iron Hands\n|-end|p2b: Iron Hands|Quark Drive|[silent]\n|move|p2a: Flutter Mane|Moonblast|p1a: Annihilape\n|-supereffective|p1a: Annihilape\n|-damage|p1a: Annihilape|0 fnt\n|faint|p1a: Annihilape\n|\n|upkeep\n|\n|t:|1683394493\n|switch|p1a: Corviknight|Corviknight, L50, F|100\/100\n|switch|p2b: Chien-Pao|Chien-Pao, L50|100\/100\n|-ability|p2b: Chien-Pao|Sword of Ruin\n|turn|8\n|\n|t:|1683394525\n|move|p2b: Chien-Pao|Sacred Sword|p1a: Corviknight\n|-damage|p1a: Corviknight|77\/100\n|move|p1a: Corviknight|Tailwind|p1a: Corviknight\n|-sidestart|p1: KaesyGard|move: Tailwind\n|move|p1b: Klefki|Play Rough|p2a: Flutter Mane|[miss]\n|-miss|p1b: Klefki|p2a: Flutter Mane\n|move|p2a: Flutter Mane|Shadow Ball|p1a: Corviknight\n|-damage|p1a: Corviknight|54\/100\n|\n|-sideend|p1: KaesyGard|move: Light Screen\n|upkeep\n|turn|9\n|\n|t:|1683394550\n|move|p1b: Klefki|Light Screen|p1b: Klefki\n|-sidestart|p1: KaesyGard|move: Light Screen\n|move|p1a: Corviknight|Roost|p1a: Corviknight\n|-heal|p1a: Corviknight|100\/100\n|-singleturn|p1a: Corviknight|move: Roost\n|move|p2b: Chien-Pao|Sacred Sword|p1b: Klefki\n|-damage|p1b: Klefki|66\/100\n|move|p2a: Flutter Mane|Shadow Ball|p1a: Corviknight\n|-damage|p1a: Corviknight|74\/100\n|\n|-sideend|p1: KaesyGard|Reflect\n|upkeep\n|turn|10\n|\n|t:|1683394616\n|move|p2b: Chien-Pao|Protect|p2b: Chien-Pao\n|-singleturn|p2b: Chien-Pao|Protect\n|move|p1a: Corviknight|Roost|p1a: Corviknight\n|-heal|p1a: Corviknight|100\/100\n|-singleturn|p1a: Corviknight|move: Roost\n|move|p1b: Klefki|Play Rough|p2a: Flutter Mane\n|-end|p2a: Flutter Mane|Substitute\n|cant|p2a: Flutter Mane|par\n|\n|upkeep\n|turn|11\n|\n|t:|1683394638\n|move|p1b: Klefki|Reflect|p1b: Klefki\n|-sidestart|p1: KaesyGard|Reflect\n|move|p1a: Corviknight|Brave Bird|p2a: Flutter Mane\n|-damage|p2a: Flutter Mane|0 fnt\n|faint|p2a: Flutter Mane\n|-end|p2a: Flutter Mane|Protosynthesis|[silent]\n|-damage|p1a: Corviknight|83\/100|[from] Recoil\n|move|p2b: Chien-Pao|Sacred Sword|p1a: Corviknight\n|-damage|p1a: Corviknight|62\/100\n|\n|-sideend|p1: KaesyGard|move: Tailwind\n|upkeep\n|turn|12\n|\n|t:|1683394664\n|move|p2b: Chien-Pao|Protect|p2b: Chien-Pao\n|-singleturn|p2b: Chien-Pao|Protect\n|move|p1a: Corviknight|Body Press|p2b: Chien-Pao\n|-activate|p2b: Chien-Pao|move: Protect\n|move|p1b: Klefki|Play Rough|p2b: Chien-Pao\n|-activate|p2b: Chien-Pao|move: Protect\n|\n|upkeep\n|turn|13\n|\n|t:|1683394673\n|move|p2b: Chien-Pao|Protect|p2b: Chien-Pao\n|-singleturn|p2b: Chien-Pao|Protect\n|move|p1a: Corviknight|Body Press|p2b: Chien-Pao\n|-activate|p2b: Chien-Pao|move: Protect\n|move|p1b: Klefki|Play Rough|p2b: Chien-Pao\n|-activate|p2b: Chien-Pao|move: Protect\n|\n|upkeep\n|turn|14\n|\n|t:|1683394680\n|move|p2b: Chien-Pao|Protect||[still]\n|-fail|p2b: Chien-Pao\n|move|p1a: Corviknight|Body Press|p2b: Chien-Pao\n|-supereffective|p2b: Chien-Pao\n|-enditem|p2b: Chien-Pao|Focus Sash\n|-damage|p2b: Chien-Pao|1\/100\n|move|p1b: Klefki|Play Rough|p2b: Chien-Pao\n|-supereffective|p2b: Chien-Pao\n|-damage|p2b: Chien-Pao|0 fnt\n|faint|p2b: Chien-Pao\n|\n|win|KaesyGard\n|l|\u2606Kyle Carlx\n|l| Litopardo\n","uploadtime":1683394706,"views":12,"p1id":"kaesygard","p2id":"kylecarlx","formatid":"gen9vgc2023regulationc","rating":0,"private":0,"password":""}