{"id":"gen9vgc2023regulationc-1853467457","p1":"Edro360","p2":"Negstra","format":"[Gen 9] VGC 2023 Regulation C","log":"|j|\u2606Edro360\n|j|\u2606Negstra\n|t:|1682688159\n|gametype|doubles\n|player|p1|Edro360|101|1158\n|player|p2|Negstra|1|1070\n|teamsize|p1|6\n|teamsize|p2|4\n|gen|9\n|tier|[Gen 9] VGC 2023 Regulation C\n|rated|\n|rule|Species Clause: Limit one of each Pok\u00e9mon\n|rule|Item Clause: Limit one of each item\n|clearpoke\n|poke|p1|Chi-Yu, L50|\n|poke|p1|Ceruledge, L50, M|\n|poke|p1|Dachsbun, L50, M|\n|poke|p1|Iron Hands, L50|\n|poke|p1|Maushold-Four, L50|\n|poke|p1|Baxcalibur, L50, M|\n|poke|p2|Scizor, L50, M|\n|poke|p2|Sandy Shocks, L50|\n|poke|p2|Pawmot, L50, F|\n|poke|p2|Talonflame, L50, M|\n|teampreview|4\n|inactive|Battle timer is ON: inactive players will automatically lose when time's up. (requested by Edro360)\n|\n|t:|1682688184\n|start\n|switch|p1a: Chi-Yu|Chi-Yu, L50|100\/100\n|switch|p1b: Dachsbun|Dachsbun, L50, M|100\/100\n|switch|p2a: Scizor|Scizor, L50, M|100\/100\n|switch|p2b: Talonflame|Talonflame, L50, M|100\/100\n|-ability|p1a: Chi-Yu|Beads of Ruin\n|turn|1\n|\n|t:|1682688204\n|-terastallize|p2a: Scizor|Ground\n|move|p2b: Talonflame|Tailwind|p2b: Talonflame\n|-sidestart|p2: Negstra|move: Tailwind\n|move|p2a: Scizor|Swords Dance|p2a: Scizor\n|-boost|p2a: Scizor|atk|2\n|move|p1a: Chi-Yu|Lava Plume|p2b: Talonflame|[spread] p2a,p2b\n|-ability|p1b: Dachsbun|Well-Baked Body|boost\n|-boost|p1b: Dachsbun|def|2\n|-resisted|p2b: Talonflame\n|-damage|p2a: Scizor|65\/100\n|-damage|p2b: Talonflame|75\/100\n|move|p1b: Dachsbun|Yawn|p2b: Talonflame\n|-start|p2b: Talonflame|move: Yawn|[of] p1b: Dachsbun\n|\n|upkeep\n|turn|2\n|inactive|Edro360 has 30 seconds left.\n|inactive|Negstra has 30 seconds left.\n|\n|t:|1682688234\n|switch|p2b: Sandy Shocks|Sandy Shocks, L50|100\/100\n|move|p2a: Scizor|Bullet Punch|p1b: Dachsbun\n|-supereffective|p1b: Dachsbun\n|-damage|p1b: Dachsbun|42\/100\n|move|p1a: Chi-Yu|Will-O-Wisp|p2a: Scizor\n|-status|p2a: Scizor|brn\n|move|p1b: Dachsbun|Body Press|p2a: Scizor\n|-damage|p2a: Scizor|25\/100 brn\n|\n|-damage|p2a: Scizor|19\/100 brn|[from] brn\n|upkeep\n|turn|3\n|inactive|Edro360 has 30 seconds left.\n|\n|t:|1682688263\n|-terastallize|p1a: Chi-Yu|Bug\n|move|p2a: Scizor|Bullet Punch|p1b: Dachsbun\n|-supereffective|p1b: Dachsbun\n|-damage|p1b: Dachsbun|12\/100\n|-enditem|p1b: Dachsbun|Aguav Berry|[eat]\n|-heal|p1b: Dachsbun|45\/100|[from] item: Aguav Berry\n|move|p2b: Sandy Shocks|Earth Power|p1a: Chi-Yu\n|-resisted|p1a: Chi-Yu\n|-damage|p1a: Chi-Yu|84\/100\n|-unboost|p1a: Chi-Yu|spd|1\n|move|p1a: Chi-Yu|Lava Plume|p2a: Scizor|[spread] p2a,p2b\n|-ability|p1b: Dachsbun|Well-Baked Body|boost\n|-boost|p1b: Dachsbun|def|2\n|-damage|p2a: Scizor|0 fnt\n|-damage|p2b: Sandy Shocks|57\/100\n|faint|p2a: Scizor\n|move|p1b: Dachsbun|Body Press|p2b: Sandy Shocks\n|-damage|p2b: Sandy Shocks|0 fnt\n|faint|p2b: Sandy Shocks\n|-end|p2b: Sandy Shocks|Protosynthesis|[silent]\n|\n|upkeep\n|\n|t:|1682688281\n|switch|p2b: Pawmot|Pawmot, L50, F|100\/100\n|switch|p2a: Talonflame|Talonflame, L50, M|75\/100\n|turn|4\n|\n|t:|1682688300\n|move|p2a: Talonflame|Flare Blitz|p1a: Chi-Yu\n|-supereffective|p1a: Chi-Yu\n|-damage|p1a: Chi-Yu|0 fnt\n|faint|p1a: Chi-Yu\n|-damage|p2a: Talonflame|46\/100|[from] Recoil\n|move|p2b: Pawmot|Thunderbolt|p1b: Dachsbun\n|-crit|p1b: Dachsbun\n|-damage|p1b: Dachsbun|0 fnt\n|faint|p1b: Dachsbun\n|\n|-sideend|p2: Negstra|move: Tailwind\n|upkeep\n|\n|t:|1682688312\n|switch|p1a: Maushold|Maushold-Four, L50|100\/100\n|switch|p1b: Ceruledge|Ceruledge, L50, M|100\/100\n|turn|5\n|inactive|Negstra has 30 seconds left.\n|\n|t:|1682688339\n|move|p1a: Maushold|Follow Me|p1a: Maushold\n|-singleturn|p1a: Maushold|move: Follow Me\n|move|p2a: Talonflame|Brave Bird|p1a: Maushold\n|-damage|p1a: Maushold|57\/100\n|-damage|p2a: Talonflame|29\/100|[from] Recoil\n|move|p2b: Pawmot|Thunderbolt|p1a: Maushold\n|-damage|p1a: Maushold|4\/100\n|-enditem|p1a: Maushold|Iapapa Berry|[eat]\n|-heal|p1a: Maushold|37\/100|[from] item: Iapapa Berry\n|move|p1b: Ceruledge|Bulk Up|p1b: Ceruledge\n|-boost|p1b: Ceruledge|atk|1\n|-boost|p1b: Ceruledge|def|1\n|\n|upkeep\n|turn|6\n|\n|t:|1682688357\n|move|p1a: Maushold|Protect|p1a: Maushold\n|-singleturn|p1a: Maushold|Protect\n|move|p2a: Talonflame|Brave Bird|p1a: Maushold\n|-activate|p1a: Maushold|move: Protect\n|move|p2b: Pawmot|Thunderbolt|p1a: Maushold\n|-activate|p1a: Maushold|move: Protect\n|move|p1b: Ceruledge|Bitter Blade|p2b: Pawmot\n|-damage|p2b: Pawmot|0 fnt\n|faint|p2b: Pawmot\n|\n|upkeep\n|turn|7\n|-message|Negstra forfeited.\n|\n|win|Edro360\n|raw|Edro360's rating: 1158 → 1177<\/strong> (+19 for winning)\n|raw|Negstra's rating: 1070 → 1055<\/strong> (-15 for losing)\n|l|\u2606Negstra\n","uploadtime":1682688373,"views":10,"p1id":"edro360","p2id":"negstra","formatid":"gen9vgc2023regulationc","rating":1055,"private":0,"password":""}