{"id":"gen9vgc2023regulationc-1856428121","p1":"HocusPocusAlakazam","p2":"Usernamesarehard2","format":"[Gen 9] VGC 2023 Regulation C","log":"|j|\u2606HocusPocusAlakazam\n|j|\u2606Usernamesarehard2\n|t:|1683060548\n|gametype|doubles\n|player|p1|HocusPocusAlakazam|colress|1135\n|player|p2|Usernamesarehard2|2|1164\n|teamsize|p1|6\n|teamsize|p2|6\n|gen|9\n|tier|[Gen 9] VGC 2023 Regulation C\n|rated|\n|rule|Species Clause: Limit one of each Pok\u00e9mon\n|rule|Item Clause: Limit one of each item\n|clearpoke\n|poke|p1|Arcanine, L50, F|\n|poke|p1|Amoonguss, L50, M|\n|poke|p1|Flutter Mane, L50|\n|poke|p1|Palafin, L50, F|\n|poke|p1|Baxcalibur, L50, F|\n|poke|p1|Ting-Lu, L50|\n|poke|p2|Espathra, L50, M|\n|poke|p2|Sandy Shocks, L50|\n|poke|p2|Chi-Yu, L50|\n|poke|p2|Corviknight, L50, F|\n|poke|p2|Iron Hands, L50|\n|poke|p2|Flutter Mane, L50|\n|teampreview|4\nHocusPocusAlakazam has agreed to open team sheets.\n|inactive|Battle timer is ON: inactive players will automatically lose when time's up. (requested by HocusPocusAlakazam)\n|inactive|HocusPocusAlakazam has 60 seconds left.\n|inactive|HocusPocusAlakazam has 30 seconds left.\n|inactive|HocusPocusAlakazam has 20 seconds left.\n|inactive|HocusPocusAlakazam has 15 seconds left.\n|inactive|HocusPocusAlakazam has 10 seconds left.\n|inactive|HocusPocusAlakazam has 5 seconds left.\n|\n|t:|1683060650\n|start\n|switch|p1a: Palafin|Palafin, L50, F|100\/100\n|switch|p1b: Amoonguss|Amoonguss, L50, M|100\/100\n|switch|p2a: Corviknight|Corviknight, L50, F|100\/100\n|switch|p2b: Flutter Mane|Flutter Mane, L50|100\/100\n|turn|1\n|\n|t:|1683060668\n|detailschange|p1a: Palafin|Palafin-Hero, L50, F\n|switch|p1a: Flutter Mane|Flutter Mane, L50, shiny|100\/100\n|move|p1b: Amoonguss|Rage Powder|p1b: Amoonguss\n|-singleturn|p1b: Amoonguss|move: Rage Powder\n|move|p2b: Flutter Mane|Shadow Ball|p1b: Amoonguss\n|-damage|p1b: Amoonguss|43\/100\n|-unboost|p1b: Amoonguss|spd|1\n|-enditem|p1b: Amoonguss|Sitrus Berry|[eat]\n|-heal|p1b: Amoonguss|68\/100|[from] item: Sitrus Berry\n|move|p2a: Corviknight|Brave Bird|p1b: Amoonguss\n|-supereffective|p1b: Amoonguss\n|-damage|p1b: Amoonguss|5\/100\n|-damage|p2a: Corviknight|78\/100|[from] Recoil\n|\n|upkeep\n|turn|2\n|\n|t:|1683060691\n|-end|p2b: Flutter Mane|Protosynthesis|[silent]\n|switch|p2b: Iron Hands|Iron Hands, L50|100\/100\n|move|p1b: Amoonguss|Rage Powder|p1b: Amoonguss\n|-singleturn|p1b: Amoonguss|move: Rage Powder\n|move|p1a: Flutter Mane|Thunderbolt|p2a: Corviknight\n|-supereffective|p2a: Corviknight\n|-damage|p2a: Corviknight|0 fnt\n|faint|p2a: Corviknight\n|\n|upkeep\n|\n|t:|1683060701\n|switch|p2a: Flutter Mane|Flutter Mane, L50|100\/100\n|turn|3\n|\n|t:|1683060708\n|-end|p1a: Flutter Mane|Protosynthesis|[silent]\n|switch|p1a: Baxcalibur|Baxcalibur, L50, F|100\/100\n|move|p1b: Amoonguss|Protect|p1b: Amoonguss\n|-singleturn|p1b: Amoonguss|Protect\n|move|p2b: Iron Hands|Fake Out|p1b: Amoonguss\n|-activate|p1b: Amoonguss|move: Protect\n|move|p2a: Flutter Mane|Shadow Ball|p1a: Baxcalibur\n|-damage|p1a: Baxcalibur|39\/100\n|\n|upkeep\n|turn|4\n|\n|t:|1683060729\n|move|p1a: Baxcalibur|Ice Shard|p2a: Flutter Mane\n|-crit|p2a: Flutter Mane\n|-damage|p2a: Flutter Mane|15\/100\n|move|p2a: Flutter Mane|Shadow Ball|p1a: Baxcalibur\n|-damage|p1a: Baxcalibur|0 fnt\n|faint|p1a: Baxcalibur\n|move|p2b: Iron Hands|Volt Switch|p1b: Amoonguss\n|-resisted|p1b: Amoonguss\n|-damage|p1b: Amoonguss|0 fnt\n|faint|p1b: Amoonguss\n|\n|t:|1683060732\n|-end|p2b: Iron Hands|Quark Drive|[silent]\n|switch|p2b: Chi-Yu|Chi-Yu, L50|100\/100|[from] Volt Switch\n|-ability|p2b: Chi-Yu|Beads of Ruin\n|\n|upkeep\n|\n|t:|1683060735\n|switch|p1a: Palafin|Palafin-Hero, L50, F|100\/100\n|switch|p1b: Flutter Mane|Flutter Mane, L50, shiny|100\/100\n|-activate|p1a: Palafin|ability: Zero to Hero\n|turn|5\n|\n|t:|1683060756\n|-terastallize|p1b: Flutter Mane|Water\n|-terastallize|p2b: Chi-Yu|Grass\n|move|p1a: Palafin|Jet Punch|p2b: Chi-Yu\n|-resisted|p2b: Chi-Yu\n|-damage|p2b: Chi-Yu|59\/100\n|move|p2a: Flutter Mane|Shadow Ball|p1a: Palafin\n|-damage|p1a: Palafin|16\/100\n|move|p1b: Flutter Mane|Dazzling Gleam|p2a: Flutter Mane|[spread] p2a,p2b\n|-crit|p2a: Flutter Mane\n|-damage|p2a: Flutter Mane|0 fnt\n|-damage|p2b: Chi-Yu|7\/100\n|faint|p2a: Flutter Mane\n|-end|p2a: Flutter Mane|Protosynthesis|[silent]\n|move|p2b: Chi-Yu|Dark Pulse|p1a: Palafin\n|-crit|p1a: Palafin\n|-damage|p1a: Palafin|0 fnt\n|faint|p1a: Palafin\n|-damage|p2b: Chi-Yu|0 fnt|[from] item: Life Orb\n|faint|p2b: Chi-Yu\n|\n|upkeep\n|\n|t:|1683060766\n|switch|p2b: Iron Hands|Iron Hands, L50|100\/100\n|turn|6\n|\n|t:|1683060770\n|move|p2b: Iron Hands|Fake Out|p1b: Flutter Mane\n|-damage|p1b: Flutter Mane|77\/100\n|cant|p1b: Flutter Mane|flinch\n|\n|upkeep\n|turn|7\n|\n|t:|1683060775\n|move|p1b: Flutter Mane|Dazzling Gleam|p2b: Iron Hands\n|-supereffective|p2b: Iron Hands\n|-damage|p2b: Iron Hands|37\/100\n|move|p2b: Iron Hands|Wild Charge|p1b: Flutter Mane\n|-supereffective|p1b: Flutter Mane\n|-damage|p1b: Flutter Mane|0 fnt\n|faint|p1b: Flutter Mane\n|-end|p1b: Flutter Mane|Protosynthesis|[silent]\n|-damage|p2b: Iron Hands|26\/100|[from] Recoil\n|\n|win|Usernamesarehard2\n|raw|HocusPocusAlakazam's rating: 1135 → 1112<\/strong> (-23 for losing)\n|raw|Usernamesarehard2's rating: 1164 → 1187<\/strong> (+23 for winning)\n","uploadtime":1683060780,"views":9,"p1id":"hocuspocusalakazam","p2id":"usernamesarehard2","formatid":"gen9vgc2023regulationc","rating":1112,"private":0,"password":""}