{"id":"gen9vgc2023regulationc-1857183238","p1":"CastD10S","p2":"Pokex265","format":"[Gen 9] VGC 2023 Regulation C","log":"|j|\u2606CastD10S\n|j|\u2606Pokex265\n|t:|1683155080\n|gametype|doubles\n|player|p1|CastD10S|blaine|1143\n|player|p2|Pokex265|riley|1067\n|teamsize|p1|6\n|teamsize|p2|6\n|gen|9\n|tier|[Gen 9] VGC 2023 Regulation C\n|rated|\n|rule|Species Clause: Limit one of each Pok\u00e9mon\n|rule|Item Clause: Limit one of each item\n|clearpoke\n|poke|p1|Indeedee-F, L50, F|\n|poke|p1|Torkoal, L50, M|\n|poke|p1|Kingambit, L50, M|\n|poke|p1|Hatterene, L50, F|\n|poke|p1|Jumpluff, L50, M|\n|poke|p1|Annihilape, L50, F|\n|poke|p2|Farigiraf, L50, F|\n|poke|p2|Garganacl, L50, M|\n|poke|p2|Hatterene, L50, F|\n|poke|p2|Annihilape, L50, M|\n|poke|p2|Espathra, L50, F|\n|poke|p2|Salamence, L50, F|\n|teampreview|4\n|inactive|Battle timer is ON: inactive players will automatically lose when time's up. (requested by CastD10S)\n|\n|t:|1683155102\n|start\n|switch|p1a: Torkoal|Torkoal, L50, M|100\/100\n|switch|p1b: Jumpluff|Jumpluff, L50, M|100\/100\n|switch|p2a: Garganacl|Garganacl, L50, M|100\/100\n|switch|p2b: Farigiraf|Farigiraf, L50, F|100\/100\n|-weather|SunnyDay|[from] ability: Drought|[of] p1a: Torkoal\n|turn|1\n|inactive|CastD10S has 30 seconds left.\n|inactive|CastD10S has 20 seconds left.\n|inactive|CastD10S has 15 seconds left.\n|inactive|CastD10S has 10 seconds left.\n|inactive|CastD10S has 5 seconds left.\n|\n|t:|1683155155\n|move|p2b: Farigiraf|Protect|p2b: Farigiraf\n|-singleturn|p2b: Farigiraf|Protect\n|move|p2a: Garganacl|Protect|p2a: Garganacl\n|-singleturn|p2a: Garganacl|Protect\n|move|p1b: Jumpluff|Sleep Powder|p2b: Farigiraf\n|-activate|p2b: Farigiraf|move: Protect\n|move|p1a: Torkoal|Eruption|p2a: Garganacl|[spread] \n|-activate|p2a: Garganacl|move: Protect\n|-activate|p2b: Farigiraf|move: Protect\n|\n|-weather|SunnyDay|[upkeep]\n|upkeep\n|turn|2\n|inactive|CastD10S has 30 seconds left.\n|\n|t:|1683155183\n|switch|p2b: Hatterene|Hatterene, L50, F|100\/100\n|switch|p1a: Annihilape|Annihilape, L50, F|100\/100\n|move|p2a: Garganacl|Wide Guard|p2a: Garganacl\n|-singleturn|p2a: Garganacl|Wide Guard\n|move|p1b: Jumpluff|Bullet Seed|p1a: Annihilape\n|-damage|p1a: Annihilape|95\/100\n|-damage|p1a: Annihilape|90\/100\n|-damage|p1a: Annihilape|84\/100\n|-hitcount|p1a: Annihilape|3\n|\n|-weather|SunnyDay|[upkeep]\n|upkeep\n|turn|3\n|inactive|CastD10S has 30 seconds left.\n|\n|t:|1683155212\n|switch|p2b: Farigiraf|Farigiraf, L50, F|100\/100\n|move|p1b: Jumpluff|Bullet Seed|p1a: Annihilape\n|-damage|p1a: Annihilape|79\/100\n|-damage|p1a: Annihilape|74\/100\n|-damage|p1a: Annihilape|69\/100\n|-damage|p1a: Annihilape|63\/100\n|-hitcount|p1a: Annihilape|4\n|move|p1a: Annihilape|Rage Fist|p2b: Farigiraf\n|-immune|p2b: Farigiraf\n|move|p2a: Garganacl|Salt Cure|p1a: Annihilape\n|-resisted|p1a: Annihilape\n|-damage|p1a: Annihilape|56\/100\n|-start|p1a: Annihilape|Salt Cure\n|\n|-weather|SunnyDay|[upkeep]\n|-damage|p1a: Annihilape|43\/100|[from] Salt Cure\n|upkeep\n|turn|4\n|\n|t:|1683155237\n|switch|p2b: Hatterene|Hatterene, L50, F|100\/100\n|move|p2a: Garganacl|Protect|p2a: Garganacl\n|-singleturn|p2a: Garganacl|Protect\n|move|p1b: Jumpluff|Pollen Puff|p1a: Annihilape\n|-heal|p1a: Annihilape|93\/100\n|move|p1a: Annihilape|Rage Fist|p2a: Garganacl\n|-activate|p2a: Garganacl|move: Protect\n|\n|-weather|SunnyDay|[upkeep]\n|-damage|p1a: Annihilape|80\/100|[from] Salt Cure\n|upkeep\n|turn|5\n|\n|t:|1683155254\n|switch|p2b: Farigiraf|Farigiraf, L50, F|100\/100\n|move|p1b: Jumpluff|Pollen Puff|p1a: Annihilape\n|-heal|p1a: Annihilape|100\/100\n|move|p1a: Annihilape|Rage Fist|p2b: Farigiraf\n|-immune|p2b: Farigiraf\n|move|p2a: Garganacl|Salt Cure|p1b: Jumpluff\n|-supereffective|p1b: Jumpluff\n|-damage|p1b: Jumpluff|66\/100\n|-start|p1b: Jumpluff|Salt Cure\n|\n|-weather|none\n|-damage|p1b: Jumpluff|54\/100|[from] Salt Cure\n|-damage|p1a: Annihilape|88\/100|[from] Salt Cure\n|upkeep\n|turn|6\n|inactive|CastD10S has 30 seconds left.\n|inactive|Pokex265 has 30 seconds left.\n|inactive|CastD10S has 20 seconds left.\n|\n|t:|1683155292\n|move|p2b: Farigiraf|Protect|p2b: Farigiraf\n|-singleturn|p2b: Farigiraf|Protect\n|move|p2a: Garganacl|Protect|p2a: Garganacl\n|-singleturn|p2a: Garganacl|Protect\n|move|p1b: Jumpluff|Sleep Powder|p2b: Farigiraf\n|-activate|p2b: Farigiraf|move: Protect\n|move|p1a: Annihilape|Drain Punch|p2a: Garganacl\n|-activate|p2a: Garganacl|move: Protect\n|\n|-damage|p1b: Jumpluff|42\/100|[from] Salt Cure\n|-damage|p1a: Annihilape|76\/100|[from] Salt Cure\n|upkeep\n|turn|7\n|inactive|Pokex265 has 30 seconds left.\n|\n|t:|1683155327\n|move|p2b: Farigiraf|Ally Switch|p2b: Farigiraf\n|swap|p2b: Farigiraf|0|[from] move: Ally Switch\n|move|p1b: Jumpluff|Pollen Puff|p1a: Annihilape\n|-heal|p1a: Annihilape|100\/100\n|move|p1a: Annihilape|Rage Fist|p2a: Farigiraf\n|-immune|p2a: Farigiraf\n|move|p2b: Garganacl|Salt Cure|p1b: Jumpluff\n|-supereffective|p1b: Jumpluff\n|-damage|p1b: Jumpluff|5\/100\n|\n|-damage|p1b: Jumpluff|0 fnt|[from] Salt Cure\n|faint|p1b: Jumpluff\n|-damage|p1a: Annihilape|88\/100|[from] Salt Cure\n|upkeep\n|\n|t:|1683155348\n|switch|p1b: Torkoal|Torkoal, L50, M|100\/100\n|-weather|SunnyDay|[from] ability: Drought|[of] p1b: Torkoal\n|turn|8\n|\n|t:|1683155356\n|move|p2b: Garganacl|Wide Guard|p2b: Garganacl\n|-singleturn|p2b: Garganacl|Wide Guard\n|move|p1a: Annihilape|Bulk Up|p1a: Annihilape\n|-boost|p1a: Annihilape|atk|1\n|-boost|p1a: Annihilape|def|1\n|move|p1b: Torkoal|Eruption|p2a: Farigiraf|[spread] \n|-activate|p2a: Farigiraf|move: Wide Guard\n|-activate|p2b: Garganacl|move: Wide Guard\n|move|p2a: Farigiraf|Trick Room|p2a: Farigiraf\n|-fieldstart|move: Trick Room|[of] p2a: Farigiraf\n|\n|-weather|SunnyDay|[upkeep]\n|-damage|p1a: Annihilape|76\/100|[from] Salt Cure\n|upkeep\n|turn|9\n|inactive|CastD10S has 30 seconds left.\n|inactive|Pokex265 has 30 seconds left.\n|inactive|CastD10S has 20 seconds left.\n|inactive|CastD10S has 15 seconds left.\n|\n|t:|1683155399\n|switch|p2a: Hatterene|Hatterene, L50, F|100\/100\n|-terastallize|p1a: Annihilape|Fire\n|move|p2b: Garganacl|Wide Guard|p2b: Garganacl\n|-singleturn|p2b: Garganacl|Wide Guard\n|move|p1b: Torkoal|Clear Smog|p2a: Hatterene\n|-supereffective|p2a: Hatterene\n|-damage|p2a: Hatterene|70\/100\n|-clearboost|p2a: Hatterene\n|move|p1a: Annihilape|Drain Punch|p2b: Garganacl\n|-supereffective|p2b: Garganacl\n|-damage|p2b: Garganacl|27\/100\n|-heal|p1a: Annihilape|100\/100|[from] drain|[of] p2b: Garganacl\n|\n|-weather|SunnyDay|[upkeep]\n|-heal|p2b: Garganacl|33\/100|[from] item: Leftovers\n|-damage|p1a: Annihilape|88\/100|[from] Salt Cure\n|upkeep\n|turn|10\n|inactive|CastD10S has 30 seconds left.\n|inactive|Pokex265 has 30 seconds left.\n|\n|t:|1683155431\n|switch|p2a: Farigiraf|Farigiraf, L50, F|100\/100\n|move|p1b: Torkoal|Clear Smog|p2b: Garganacl\n|-resisted|p2b: Garganacl\n|-damage|p2b: Garganacl|28\/100\n|-clearboost|p2b: Garganacl\n|move|p2b: Garganacl|Recover|p2b: Garganacl\n|-heal|p2b: Garganacl|78\/100\n|move|p1a: Annihilape|Rage Fist|p2a: Farigiraf\n|-immune|p2a: Farigiraf\n|\n|-weather|SunnyDay|[upkeep]\n|-heal|p2b: Garganacl|84\/100|[from] item: Leftovers\n|-damage|p1a: Annihilape|76\/100|[from] Salt Cure\n|upkeep\n|turn|11\n|c|\u2606CastD10S|Jajajajaj\n|inactive|CastD10S has 30 seconds left.\n|\n|t:|1683155464\n|move|p2b: Garganacl|Wide Guard|p2b: Garganacl\n|-singleturn|p2b: Garganacl|Wide Guard\n|move|p1b: Torkoal|Clear Smog|p2a: Farigiraf\n|-damage|p2a: Farigiraf|85\/100\n|-clearboost|p2a: Farigiraf\n|move|p2a: Farigiraf|Dazzling Gleam|p1b: Torkoal|[spread] p1a,p1b\n|-resisted|p1a: Annihilape\n|-resisted|p1b: Torkoal\n|-damage|p1a: Annihilape|68\/100\n|-damage|p1b: Torkoal|88\/100\n|move|p1a: Annihilape|Bulk Up|p1a: Annihilape\n|-boost|p1a: Annihilape|atk|1\n|-boost|p1a: Annihilape|def|1\n|\n|-weather|SunnyDay|[upkeep]\n|-heal|p2b: Garganacl|89\/100|[from] item: Leftovers\n|-damage|p1a: Annihilape|55\/100|[from] Salt Cure\n|upkeep\n|turn|12\n|\n|t:|1683155488\n|move|p2a: Farigiraf|Protect|p2a: Farigiraf\n|-singleturn|p2a: Farigiraf|Protect\n|move|p1b: Torkoal|Eruption|p2a: Farigiraf|[spread] p2b\n|-activate|p2a: Farigiraf|move: Protect\n|-resisted|p2b: Garganacl\n|-damage|p2b: Garganacl|58\/100\n|move|p2b: Garganacl|Salt Cure|p1b: Torkoal\n|-supereffective|p1b: Torkoal\n|-damage|p1b: Torkoal|67\/100\n|-start|p1b: Torkoal|Salt Cure\n|move|p1a: Annihilape|Drain Punch|p2b: Garganacl\n|-supereffective|p2b: Garganacl\n|-damage|p2b: Garganacl|0 fnt\n|-heal|p1a: Annihilape|88\/100|[from] drain|[of] p2b: Garganacl\n|faint|p2b: Garganacl\n|\n|-weather|none\n|-damage|p1b: Torkoal|55\/100|[from] Salt Cure\n|-damage|p1a: Annihilape|75\/100|[from] Salt Cure\n|-fieldend|move: Trick Room\n|upkeep\n|\n|t:|1683155503\n|switch|p2b: Hatterene|Hatterene, L50, F|70\/100\n|turn|13\n|\n|t:|1683155517\n|move|p2b: Hatterene|Protect|p2b: Hatterene\n|-singleturn|p2b: Hatterene|Protect\n|move|p1a: Annihilape|Drain Punch|p2a: Farigiraf\n|-damage|p2a: Farigiraf|0 fnt\n|-heal|p1a: Annihilape|100\/100|[from] drain|[of] p2a: Farigiraf\n|faint|p2a: Farigiraf\n|move|p1b: Torkoal|Heat Wave|p2b: Hatterene\n|-activate|p2b: Hatterene|move: Protect\n|\n|-damage|p1a: Annihilape|88\/100|[from] Salt Cure\n|-damage|p1b: Torkoal|42\/100|[from] Salt Cure\n|upkeep\n|c|\u2606Pokex265|gg\n|\n|t:|1683155529\n|switch|p2a: Annihilape|Annihilape, L50, M|100\/100\n|turn|14\n|\n|t:|1683155551\n|-terastallize|p2a: Annihilape|Ghost\n|move|p2b: Hatterene|Protect|p2b: Hatterene\n|-singleturn|p2b: Hatterene|Protect\n|move|p2a: Annihilape|Rage Fist|p1a: Annihilape\n|-damage|p1a: Annihilape|68\/100\n|move|p1a: Annihilape|Rage Fist|p2b: Hatterene\n|-activate|p2b: Hatterene|move: Protect\n|move|p1b: Torkoal|Heat Wave|p2a: Annihilape|[spread] p2a\n|-activate|p2b: Hatterene|move: Protect\n|-damage|p2a: Annihilape|66\/100\n|\n|-damage|p1a: Annihilape|55\/100|[from] Salt Cure\n|-damage|p1b: Torkoal|30\/100|[from] Salt Cure\n|upkeep\n|turn|15\n|inactive|CastD10S has 30 seconds left.\n|\n|t:|1683155582\n|move|p1b: Torkoal|Protect|p1b: Torkoal\n|-singleturn|p1b: Torkoal|Protect\n|move|p2a: Annihilape|Rage Fist|p1a: Annihilape\n|-damage|p1a: Annihilape|24\/100\n|move|p1a: Annihilape|Rage Fist|p2b: Hatterene\n|-supereffective|p2b: Hatterene\n|-damage|p2b: Hatterene|0 fnt\n|faint|p2b: Hatterene\n|\n|-damage|p1a: Annihilape|11\/100|[from] Salt Cure\n|-damage|p1b: Torkoal|17\/100|[from] Salt Cure\n|upkeep\n|turn|16\n|c|\u2606Pokex265|you win\n|inactive|CastD10S has 30 seconds left.\n|inactive|CastD10S has 20 seconds left.\n|inactive|CastD10S has 15 seconds left.\n|inactive|CastD10S has 10 seconds left.\n|inactive|CastD10S has 5 seconds left.\n|\n|t:|1683155615\n|switch|p1b: Kingambit|Kingambit, L50, M|100\/100\n|move|p2a: Annihilape|Protect|p2a: Annihilape\n|-singleturn|p2a: Annihilape|Protect\n|move|p1a: Annihilape|Rage Fist|p2a: Annihilape\n|-activate|p2a: Annihilape|move: Protect\n|\n|-damage|p1a: Annihilape|0 fnt|[from] Salt Cure\n|faint|p1a: Annihilape\n|upkeep\n|inactive|CastD10S has 5 seconds left this turn.\n|-message|CastD10S lost due to inactivity.\n|\n|win|Pokex265\n|raw|CastD10S's rating: 1143 → 1113<\/strong> (-30 for losing)\n|raw|Pokex265's rating: 1067 → 1103<\/strong> (+36 for winning)\n|c|\u2606CastD10S|Jajajajaj\n|c|\u2606Pokex265|jajajjajajja\n|c|\u2606CastD10S|Increible\n|c|\u2606Pokex265|i feel it so close\n|c|\u2606CastD10S|Eres el jugador mas cerdo al que me he enfrentado\n|c|\u2606CastD10S|Enhorabuena\n|c|\u2606Pokex265|jajjajjaja igualmente\n","uploadtime":1683155698,"views":5,"p1id":"castd10s","p2id":"pokex265","formatid":"gen9vgc2023regulationc","rating":1103,"private":0,"password":""}