{"id":"gen9vgc2023regulationc-1850334937","p1":"KuronaRanze3","p2":"Even Greener Grass","format":"[Gen 9] VGC 2023 Regulation C","log":"|j|\u2606KuronaRanze3\n|j|\u2606Even Greener Grass\n|t:|1682320156\n|gametype|doubles\n|player|p1|KuronaRanze3|blackbelt-gen4dp|1142\n|player|p2|Even Greener Grass|kahili|1107\n|teamsize|p1|6\n|teamsize|p2|6\n|gen|9\n|tier|[Gen 9] VGC 2023 Regulation C\n|rated|\n|rule|Species Clause: Limit one of each Pok\u00e9mon\n|rule|Item Clause: Limit one of each item\n|clearpoke\n|poke|p1|Palafin, L50, M|\n|poke|p1|Flutter Mane, L50|\n|poke|p1|Arcanine, L50, F|\n|poke|p1|Amoonguss, L50, F|\n|poke|p1|Ting-Lu, L50|\n|poke|p1|Roaring Moon, L50|\n|poke|p2|Torkoal, L50, F|\n|poke|p2|Chi-Yu, L50|\n|poke|p2|Slither Wing, L50|\n|poke|p2|Scizor, L50, F|\n|poke|p2|Lilligant, L50, F|\n|poke|p2|Flutter Mane, L50|\n|teampreview|4\n|inactive|Battle timer is ON: inactive players will automatically lose when time's up. (requested by KuronaRanze3)\n|inactive|Even Greener Grass also wants the timer to be on.\nKuronaRanze3 rejected open team sheets.\n|\n|t:|1682320179\n|start\n|switch|p1a: Arcanine|Arcanine, L50, F|100\/100\n|switch|p1b: Ting-Lu|Ting-Lu, L50|100\/100\n|switch|p2a: Dawg|Torkoal, L50, F|100\/100\n|switch|p2b: Beverly|Chi-Yu, L50|100\/100\n|-ability|p2b: Beverly|Beads of Ruin\n|-ability|p1a: Arcanine|Intimidate|boost\n|-unboost|p2a: Dawg|atk|1\n|-unboost|p2b: Beverly|atk|1\n|-ability|p1b: Ting-Lu|Vessel of Ruin\n|-weather|SunnyDay|[from] ability: Drought|[of] p2a: Dawg\n|turn|1\n|c|\u2606Even Greener Grass|Good luck, have fun.\n|\n|t:|1682320201\n|move|p1a: Arcanine|Extreme Speed|p2b: Beverly\n|-damage|p2b: Beverly|58\/100\n|move|p2b: Beverly|Heat Wave|p1a: Arcanine|[spread] p1a,p1b\n|-resisted|p1a: Arcanine\n|-damage|p1a: Arcanine|55\/100\n|-damage|p1b: Ting-Lu|63\/100\n|-status|p1b: Ting-Lu|brn\n|move|p1b: Ting-Lu|Stomping Tantrum|p2a: Dawg\n|-supereffective|p2a: Dawg\n|-damage|p2a: Dawg|70\/100\n|move|p2a: Dawg|Solar Beam||[still]\n|-prepare|p2a: Dawg|Solar Beam\n|-anim|p2a: Dawg|Solar Beam|p1b: Ting-Lu\n|-supereffective|p1b: Ting-Lu\n|-damage|p1b: Ting-Lu|35\/100 brn\n|\n|-weather|SunnyDay|[upkeep]\n|-damage|p1b: Ting-Lu|29\/100 brn|[from] brn\n|upkeep\n|turn|2\n|\n|t:|1682320226\n|move|p1a: Arcanine|Extreme Speed|p2b: Beverly\n|-damage|p2b: Beverly|19\/100\n|move|p2b: Beverly|Heat Wave|p1b: Ting-Lu|[spread] p1a,p1b\n|-resisted|p1a: Arcanine\n|-damage|p1a: Arcanine|9\/100\n|-damage|p1b: Ting-Lu|0 fnt\n|faint|p1b: Ting-Lu\n|move|p2a: Dawg|Heat Wave|p1a: Arcanine\n|-resisted|p1a: Arcanine\n|-damage|p1a: Arcanine|0 fnt\n|faint|p1a: Arcanine\n|\n|-weather|SunnyDay|[upkeep]\n|upkeep\n|\n|t:|1682320237\n|switch|p1a: Roaring Moon|Roaring Moon, L50|100\/100\n|switch|p1b: Flutter Mane|Flutter Mane, L50|100\/100\n|-activate|p1b: Flutter Mane|ability: Protosynthesis\n|-start|p1b: Flutter Mane|protosynthesisspe\n|-activate|p1a: Roaring Moon|ability: Protosynthesis\n|-start|p1a: Roaring Moon|protosynthesisatk\n|turn|3\n|\n|t:|1682320252\n|-terastallize|p1a: Roaring Moon|Flying\n|move|p2a: Dawg|Protect|p2a: Dawg\n|-singleturn|p2a: Dawg|Protect\n|move|p1b: Flutter Mane|Dazzling Gleam|p2a: Dawg|[spread] p2b\n|-activate|p2a: Dawg|move: Protect\n|-damage|p2b: Beverly|0 fnt\n|faint|p2b: Beverly\n|move|p1a: Roaring Moon|Acrobatics|p2a: Dawg\n|-activate|p2a: Dawg|move: Protect\n|\n|-weather|SunnyDay|[upkeep]\n|upkeep\n|\n|t:|1682320261\n|switch|p2b: Revenger|Scizor, L50, F|100\/100\n|turn|4\n|\n|t:|1682320267\n|move|p2b: Revenger|Bullet Punch|p1b: Flutter Mane\n|-supereffective|p1b: Flutter Mane\n|-damage|p1b: Flutter Mane|0 fnt\n|faint|p1b: Flutter Mane\n|-end|p1b: Flutter Mane|Protosynthesis|[silent]\n|move|p1a: Roaring Moon|Acrobatics|p2b: Revenger\n|-damage|p2b: Revenger|55\/100\n|move|p2a: Dawg|Heat Wave|p1a: Roaring Moon\n|-damage|p1a: Roaring Moon|53\/100\n|\n|-weather|SunnyDay|[upkeep]\n|upkeep\n|turn|5\n|-message|KuronaRanze3 forfeited.\n|\n|win|Even Greener Grass\n|raw|KuronaRanze3's rating: 1142 → 1114<\/strong> (-28 for losing)\n|raw|Even Greener Grass's rating: 1107 → 1135<\/strong> (+28 for winning)\n|l|\u2606KuronaRanze3\n","uploadtime":1682320274,"views":29,"p1id":"kuronaranze3","p2id":"evengreenergrass","formatid":"gen9vgc2023regulationc","rating":1114,"private":0,"password":""}