{"id":"gen9vgc2023regulationc-1848794507","p1":"That_Leek","p2":"Albino Pinecone","format":"[Gen 9] VGC 2023 Regulation C","log":"|j|\u2606That_Leek\n|j|\u2606Albino Pinecone\n|t:|1682111109\n|gametype|doubles\n|player|p1|That_Leek|blue-masters|1323\n|player|p2|Albino Pinecone|102|1266\n|teamsize|p1|6\n|teamsize|p2|6\n|gen|9\n|tier|[Gen 9] VGC 2023 Regulation C\n|rated|\n|rule|Species Clause: Limit one of each Pok\u00e9mon\n|rule|Item Clause: Limit one of each item\n|clearpoke\n|poke|p1|Gholdengo, L50|\n|poke|p1|Gyarados, L50, F|\n|poke|p1|Tyranitar, L50, F|\n|poke|p1|Maushold-Four, L50|\n|poke|p1|Annihilape, L50, M|\n|poke|p1|Volcarona, L50, F|\n|poke|p2|Flutter Mane, L50|\n|poke|p2|Amoonguss, L50, M|\n|poke|p2|Arcanine, L50, F|\n|poke|p2|Palafin, L50, F|\n|poke|p2|Chien-Pao, L50|\n|poke|p2|Dragonite, L50, F|\n|teampreview|4\nThat_Leek has agreed to open team sheets.\n|\n|t:|1682111135\n|start\n|switch|p1a: Volcarona|Volcarona, L50, F|100\/100\n|switch|p1b: Tyranitar|Tyranitar, L50, F|100\/100\n|switch|p2a: Chien-Pao|Chien-Pao, L50|100\/100\n|switch|p2b: Palafin|Palafin, L50, F|100\/100\n|-ability|p2a: Chien-Pao|Sword of Ruin\n|-weather|Sandstorm|[from] ability: Sand Stream|[of] p1b: Tyranitar\n|turn|1\n|\n|t:|1682111146\n|switch|p2a: Arcanine|Arcanine, L50, F|100\/100\n|-ability|p2a: Arcanine|Intimidate|boost\n|-unboost|p1a: Volcarona|atk|1\n|-unboost|p1b: Tyranitar|atk|1\n|move|p2b: Palafin|Protect|p2b: Palafin\n|-singleturn|p2b: Palafin|Protect\n|move|p1a: Volcarona|Rage Powder|p1a: Volcarona\n|-singleturn|p1a: Volcarona|move: Rage Powder\n|move|p1b: Tyranitar|Rock Slide|p2b: Palafin|[spread] p2a\n|-activate|p2b: Palafin|move: Protect\n|-supereffective|p2a: Arcanine\n|-damage|p2a: Arcanine|57\/100\n|\n|-weather|Sandstorm|[upkeep]\n|-damage|p1a: Volcarona|94\/100|[from] Sandstorm\n|-damage|p2b: Palafin|94\/100|[from] Sandstorm\n|upkeep\n|turn|2\n|\n|t:|1682111168\n|switch|p1b: Gyarados|Gyarados, L50, F|100\/100\n|-ability|p1b: Gyarados|Intimidate|boost\n|-unboost|p2a: Arcanine|atk|1\n|-unboost|p2b: Palafin|atk|1\n|-terastallize|p2b: Palafin|Water\n|move|p1a: Volcarona|Giga Drain|p2b: Palafin\n|-supereffective|p2b: Palafin\n|-crit|p2b: Palafin\n|-damage|p2b: Palafin|9\/100\n|-heal|p1a: Volcarona|100\/100|[from] drain|[of] p2b: Palafin\n|move|p2b: Palafin|Wave Crash|p1a: Volcarona\n|-supereffective|p1a: Volcarona\n|-enditem|p1a: Volcarona|Passho Berry|[eat]\n|-enditem|p1a: Volcarona|Passho Berry|[weaken]\n|-damage|p1a: Volcarona|37\/100\n|-damage|p2b: Palafin|0 fnt|[from] Recoil\n|faint|p2b: Palafin\n|move|p2a: Arcanine|Will-O-Wisp|p1b: Gyarados\n|-status|p1b: Gyarados|brn\n|\n|-weather|Sandstorm|[upkeep]\n|-damage|p1a: Volcarona|30\/100|[from] Sandstorm\n|-damage|p1b: Gyarados|95\/100 brn|[from] Sandstorm\n|-damage|p1b: Gyarados|89\/100 brn|[from] brn\n|upkeep\n|\n|t:|1682111179\n|switch|p2b: Flutter Mane|Flutter Mane, L50|100\/100\n|-enditem|p2b: Flutter Mane|Booster Energy\n|-activate|p2b: Flutter Mane|ability: Protosynthesis|[fromitem]\n|-start|p2b: Flutter Mane|protosynthesisspa\n|turn|3\n|\n|t:|1682111195\n|move|p2b: Flutter Mane|Protect|p2b: Flutter Mane\n|-singleturn|p2b: Flutter Mane|Protect\n|move|p1a: Volcarona|Tailwind|p1a: Volcarona\n|-sidestart|p1: That_Leek|move: Tailwind\n|move|p1b: Gyarados|Dragon Dance|p1b: Gyarados\n|-boost|p1b: Gyarados|atk|1\n|-boost|p1b: Gyarados|spe|1\n|move|p2a: Arcanine|Flare Blitz|p1a: Volcarona\n|-damage|p1a: Volcarona|0 fnt\n|faint|p1a: Volcarona\n|-damage|p2a: Arcanine|49\/100|[from] Recoil\n|\n|-weather|Sandstorm|[upkeep]\n|-damage|p1b: Gyarados|83\/100 brn|[from] Sandstorm\n|-damage|p2b: Flutter Mane|94\/100|[from] Sandstorm\n|-damage|p1b: Gyarados|77\/100 brn|[from] brn\n|upkeep\n|\n|t:|1682111203\n|switch|p1a: Gholdengo|Gholdengo, L50|100\/100\n|turn|4\n|\n|t:|1682111215\n|-terastallize|p1a: Gholdengo|Water\n|move|p2a: Arcanine|Protect|p2a: Arcanine\n|-singleturn|p2a: Arcanine|Protect\n|move|p1b: Gyarados|Waterfall|p2b: Flutter Mane\n|-damage|p2b: Flutter Mane|25\/100\n|move|p1a: Gholdengo|Nasty Plot|p1a: Gholdengo\n|-boost|p1a: Gholdengo|spa|2\n|move|p2b: Flutter Mane|Shadow Ball|p1a: Gholdengo\n|-damage|p1a: Gholdengo|41\/100\n|\n|-weather|Sandstorm|[upkeep]\n|-damage|p1b: Gyarados|71\/100 brn|[from] Sandstorm\n|-damage|p1a: Gholdengo|35\/100|[from] Sandstorm\n|-damage|p2b: Flutter Mane|19\/100|[from] Sandstorm\n|-damage|p1b: Gyarados|65\/100 brn|[from] brn\n|upkeep\n|turn|5\n|\n|t:|1682111230\n|move|p1b: Gyarados|Waterfall|p2a: Arcanine\n|-supereffective|p2a: Arcanine\n|-damage|p2a: Arcanine|0 fnt\n|faint|p2a: Arcanine\n|move|p1a: Gholdengo|Make It Rain|p2b: Flutter Mane\n|-supereffective|p2b: Flutter Mane\n|-damage|p2b: Flutter Mane|0 fnt\n|-unboost|p1a: Gholdengo|spa|1\n|faint|p2b: Flutter Mane\n|-end|p2b: Flutter Mane|Protosynthesis|[silent]\n|-damage|p1a: Gholdengo|26\/100|[from] item: Life Orb\n|\n|-weather|none\n|-damage|p1b: Gyarados|59\/100 brn|[from] brn\n|upkeep\n|\n|t:|1682111234\n|switch|p2b: Chien-Pao|Chien-Pao, L50|100\/100\n|-ability|p2b: Chien-Pao|Sword of Ruin\n|turn|6\n|\n|t:|1682111244\n|move|p1b: Gyarados|Waterfall|p2b: Chien-Pao\n|-damage|p2b: Chien-Pao|58\/100\n|move|p1a: Gholdengo|Make It Rain|p2b: Chien-Pao\n|-supereffective|p2b: Chien-Pao\n|-crit|p2b: Chien-Pao\n|-damage|p2b: Chien-Pao|0 fnt\n|-unboost|p1a: Gholdengo|spa|1\n|faint|p2b: Chien-Pao\n|-damage|p1a: Gholdengo|16\/100|[from] item: Life Orb\n|\n|win|That_Leek\n|raw|That_Leek's rating: 1323 → 1340<\/strong> (+17 for winning)\n|raw|Albino Pinecone's rating: 1266 → 1245<\/strong> (-21 for losing)\n|l|\u2606Albino Pinecone\n","uploadtime":1682111249,"views":11,"p1id":"thatleek","p2id":"albinopinecone","formatid":"gen9vgc2023regulationc","rating":1245,"private":0,"password":""}