{"id":"gen9vgc2023regulationc-1859969298","p1":"rapt0r_97","p2":"Barbie120","format":"[Gen 9] VGC 2023 Regulation C","log":"|j|\u2606rapt0r_97\n|j|\u2606Barbie120\n|t:|1683580444\n|gametype|doubles\n|player|p1|rapt0r_97|102|1111\n|player|p2|Barbie120|drayden|1128\n|teamsize|p1|6\n|teamsize|p2|6\n|gen|9\n|tier|[Gen 9] VGC 2023 Regulation C\n|rated|\n|rule|Species Clause: Limit one of each Pok\u00e9mon\n|rule|Item Clause: Limit one of each item\n|clearpoke\n|poke|p1|Dragapult, L50, M|\n|poke|p1|Chien-Pao, L50|\n|poke|p1|Gholdengo, L50|\n|poke|p1|Amoonguss, L50, M|\n|poke|p1|Ting-Lu, L50|\n|poke|p1|Gyarados, L50, F|\n|poke|p2|Annihilape, L50, F|\n|poke|p2|Maushold-Four, L50|\n|poke|p2|Abomasnow, L50, F|\n|poke|p2|Iron Bundle, L50|\n|poke|p2|Flutter Mane, L50|\n|poke|p2|Arcanine, L50, M|\n|teampreview|4\nrapt0r_97 has agreed to open team sheets.\nBarbie120 has agreed to open team sheets.\n|inactive|Battle timer is ON: inactive players will automatically lose when time's up. (requested by Barbie120)\n|inactive|rapt0r_97 has 60 seconds left.\n|\n|t:|1683580501\n|start\n|switch|p1a: Dragapult|Dragapult, L50, M, shiny|100\/100\n|switch|p1b: Chien-Pao|Chien-Pao, L50|100\/100\n|switch|p2a: Iron Bundle|Iron Bundle, L50|100\/100\n|switch|p2b: Abomasnow|Abomasnow, L50, F|100\/100\n|-ability|p1b: Chien-Pao|Sword of Ruin\n|-weather|Snow|[from] ability: Snow Warning|[of] p2b: Abomasnow\n|turn|1\n|inactive|rapt0r_97 has 30 seconds left.\n|inactive|Barbie120 has 30 seconds left.\n|inactive|rapt0r_97 has 20 seconds left.\n|inactive|rapt0r_97 has 15 seconds left.\n|\n|t:|1683580543\n|move|p1a: Dragapult|U-turn|p2b: Abomasnow\n|-supereffective|p2b: Abomasnow\n|-damage|p2b: Abomasnow|41\/100\n|\n|t:|1683580548\n|switch|p1a: Ting-Lu|Ting-Lu, L50|100\/100|[from] U-turn\n|-ability|p1a: Ting-Lu|Vessel of Ruin\n|move|p2a: Iron Bundle|Aurora Veil|p2a: Iron Bundle\n|-sidestart|p2: Barbie120|move: Aurora Veil\n|move|p1b: Chien-Pao|Sacred Sword|p2b: Abomasnow\n|-supereffective|p2b: Abomasnow\n|-damage|p2b: Abomasnow|5\/100\n|move|p2b: Abomasnow|Focus Blast|p1b: Chien-Pao\n|-supereffective|p1b: Chien-Pao\n|-enditem|p1b: Chien-Pao|Focus Sash\n|-damage|p1b: Chien-Pao|1\/100\n|\n|-weather|Snow|[upkeep]\n|upkeep\n|turn|2\n|inactive|rapt0r_97 has 30 seconds left.\n|inactive|rapt0r_97 has 20 seconds left.\n|\n|t:|1683580584\n|switch|p2b: Arcanine|Arcanine, L50, M|100\/100\n|-ability|p2b: Arcanine|Intimidate|boost\n|-unboost|p1a: Ting-Lu|atk|1\n|-unboost|p1b: Chien-Pao|atk|1\n|move|p1b: Chien-Pao|Protect|p1b: Chien-Pao\n|-singleturn|p1b: Chien-Pao|Protect\n|move|p2a: Iron Bundle|Blizzard|p1a: Ting-Lu|[spread] p1a\n|-activate|p1b: Chien-Pao|move: Protect\n|-supereffective|p1a: Ting-Lu\n|-damage|p1a: Ting-Lu|68\/100\n|move|p1a: Ting-Lu|Snarl|p2b: Arcanine|[spread] p2a,p2b\n|-damage|p2a: Iron Bundle|91\/100\n|-damage|p2b: Arcanine|95\/100\n|-unboost|p2a: Iron Bundle|spa|1\n|-unboost|p2b: Arcanine|spa|1\n|\n|-weather|Snow|[upkeep]\n|upkeep\n|turn|3\n|inactive|rapt0r_97 has 30 seconds left.\n|inactive|rapt0r_97 has 20 seconds left.\n|inactive|rapt0r_97 has 15 seconds left.\n|\n|t:|1683580629\n|switch|p1b: Gholdengo|Gholdengo, L50|100\/100\n|-terastallize|p1a: Ting-Lu|Fairy\n|move|p2a: Iron Bundle|Blizzard|p1a: Ting-Lu|[spread] p1a,p1b\n|-resisted|p1b: Gholdengo\n|-damage|p1a: Ting-Lu|59\/100\n|-damage|p1b: Gholdengo|90\/100\n|move|p2b: Arcanine|Will-O-Wisp|p1a: Ting-Lu\n|-status|p1a: Ting-Lu|brn\n|move|p1a: Ting-Lu|Stone Edge|p2a: Iron Bundle|[miss]\n|-miss|p1a: Ting-Lu|p2a: Iron Bundle\n|\n|-weather|Snow|[upkeep]\n|-heal|p1b: Gholdengo|96\/100|[from] item: Leftovers\n|-damage|p1a: Ting-Lu|53\/100 brn|[from] brn\n|upkeep\n|turn|4\n|inactive|Barbie120 has 30 seconds left.\n|\n|t:|1683580655\n|move|p1b: Gholdengo|Protect|p1b: Gholdengo\n|-singleturn|p1b: Gholdengo|Protect\n|move|p2a: Iron Bundle|Blizzard|p1a: Ting-Lu|[spread] p1a\n|-activate|p1b: Gholdengo|move: Protect\n|-damage|p1a: Ting-Lu|43\/100 brn\n|move|p2b: Arcanine|Flare Blitz|p1b: Gholdengo\n|-activate|p1b: Gholdengo|move: Protect\n|move|p1a: Ting-Lu|Stomping Tantrum|p2b: Arcanine\n|-supereffective|p2b: Arcanine\n|-damage|p2b: Arcanine|65\/100\n|\n|-weather|Snow|[upkeep]\n|-heal|p1b: Gholdengo|100\/100|[from] item: Leftovers\n|-damage|p1a: Ting-Lu|37\/100 brn|[from] brn\n|upkeep\n|turn|5\n|inactive|rapt0r_97 has 30 seconds left.\n|inactive|rapt0r_97 has 20 seconds left.\n|inactive|rapt0r_97 has 15 seconds left.\n|inactive|rapt0r_97 has 10 seconds left.\n|\n|t:|1683580702\n|move|p2a: Iron Bundle|Blizzard|p1b: Gholdengo|[spread] p1a,p1b\n|-resisted|p1b: Gholdengo\n|-damage|p1a: Ting-Lu|27\/100 brn\n|-damage|p1b: Gholdengo|90\/100\n|move|p2b: Arcanine|Flare Blitz|p1b: Gholdengo\n|-supereffective|p1b: Gholdengo\n|-damage|p1b: Gholdengo|8\/100\n|-damage|p2b: Arcanine|37\/100|[from] Recoil\n|move|p1b: Gholdengo|Nasty Plot|p1b: Gholdengo\n|-boost|p1b: Gholdengo|spa|2\n|move|p1a: Ting-Lu|Ruination|p2a: Iron Bundle\n|-damage|p2a: Iron Bundle|46\/100\n|\n|-weather|none\n|-heal|p1b: Gholdengo|15\/100|[from] item: Leftovers\n|-damage|p1a: Ting-Lu|21\/100 brn|[from] brn\n|-sideend|p2: Barbie120|move: Aurora Veil\n|upkeep\n|turn|6\n|inactive|Barbie120 has 30 seconds left.\n|\n|t:|1683580736\n|switch|p2b: Abomasnow|Abomasnow, L50, F|5\/100\n|-weather|Snow|[from] ability: Snow Warning|[of] p2b: Abomasnow\n|switch|p1a: Chien-Pao|Chien-Pao, L50|1\/100\n|-ability|p1a: Chien-Pao|Sword of Ruin\n|move|p1b: Gholdengo|Protect|p1b: Gholdengo\n|-singleturn|p1b: Gholdengo|Protect\n|move|p2a: Iron Bundle|Aurora Veil|p2a: Iron Bundle\n|-sidestart|p2: Barbie120|move: Aurora Veil\n|\n|-weather|Snow|[upkeep]\n|-heal|p1b: Gholdengo|21\/100|[from] item: Leftovers\n|upkeep\n|turn|7\n|inactive|rapt0r_97 has 30 seconds left.\n|\n|t:|1683580766\n|move|p2a: Iron Bundle|Icy Wind|p1b: Gholdengo|[spread] p1a,p1b\n|-resisted|p1a: Chien-Pao\n|-resisted|p1b: Gholdengo\n|-crit|p1b: Gholdengo\n|-damage|p1a: Chien-Pao|0 fnt\n|-damage|p1b: Gholdengo|5\/100\n|-unboost|p1b: Gholdengo|spe|1\n|faint|p1a: Chien-Pao\n|move|p1b: Gholdengo|Make It Rain|p2b: Abomasnow|[spread] p2a,p2b\n|-supereffective|p2b: Abomasnow\n|-crit|p2b: Abomasnow\n|-damage|p2a: Iron Bundle|0 fnt\n|-damage|p2b: Abomasnow|0 fnt\n|-unboost|p1b: Gholdengo|spa|1\n|faint|p2a: Iron Bundle\n|-end|p2a: Iron Bundle|Quark Drive|[silent]\n|faint|p2b: Abomasnow\n|\n|-weather|Snow|[upkeep]\n|-heal|p1b: Gholdengo|11\/100|[from] item: Leftovers\n|upkeep\n|\n|t:|1683580785\n|switch|p2a: Arcanine|Arcanine, L50, M|37\/100\n|switch|p1a: Dragapult|Dragapult, L50, M, shiny|100\/100\n|switch|p2b: Flutter Mane|Flutter Mane, L50|100\/100\n|-ability|p2a: Arcanine|Intimidate|boost\n|-fail|p1a: Dragapult|unboost|[from] ability: Clear Body|[of] p1a: Dragapult\n|-unboost|p1b: Gholdengo|atk|1\n|-enditem|p2b: Flutter Mane|Booster Energy\n|-activate|p2b: Flutter Mane|ability: Protosynthesis|[fromitem]\n|-start|p2b: Flutter Mane|protosynthesisspe\n|turn|8\n|inactive|rapt0r_97 has 30 seconds left.\n|inactive|rapt0r_97 has 20 seconds left.\n|inactive|rapt0r_97 has 15 seconds left.\n|\n|t:|1683580830\n|switch|p1b: Ting-Lu|Ting-Lu, L50, tera:Fairy|21\/100 brn\n|-ability|p1b: Ting-Lu|Vessel of Ruin\n|-terastallize|p2b: Flutter Mane|Fairy\n|move|p2b: Flutter Mane|Dazzling Gleam|p1b: Ting-Lu|[spread] p1a,p1b\n|-supereffective|p1a: Dragapult\n|-damage|p1a: Dragapult|23\/100\n|-damage|p1b: Ting-Lu|6\/100 brn\n|move|p1a: Dragapult|Phantom Force||[still]\n|-prepare|p1a: Dragapult|Phantom Force\n|move|p2a: Arcanine|Flare Blitz|p1a: Dragapult|[miss]\n|-miss|p2a: Arcanine|p1a: Dragapult\n|\n|-weather|Snow|[upkeep]\n|-damage|p1b: Ting-Lu|0 fnt|[from] brn\n|faint|p1b: Ting-Lu\n|upkeep\n|\n|t:|1683580843\n|switch|p1b: Gholdengo|Gholdengo, L50|11\/100\n|turn|9\n|inactive|rapt0r_97 has 30 seconds left.\n|\n|t:|1683580870\n|move|p2b: Flutter Mane|Dazzling Gleam|p1b: Gholdengo|[spread] p1b\n|-miss|p2b: Flutter Mane|p1a: Dragapult\n|-resisted|p1b: Gholdengo\n|-damage|p1b: Gholdengo|0 fnt\n|faint|p1b: Gholdengo\n|move|p1a: Dragapult|Phantom Force|p2b: Flutter Mane|[from]lockedmove\n|-damage|p2b: Flutter Mane|3\/100\n|move|p2a: Arcanine|Flare Blitz|p1a: Dragapult\n|-resisted|p1a: Dragapult\n|-damage|p1a: Dragapult|0 fnt\n|faint|p1a: Dragapult\n|-damage|p2a: Arcanine|30\/100|[from] Recoil\n|\n|win|Barbie120\n|raw|rapt0r_97's rating: 1111 → 1087<\/strong> (-24 for losing)\n|raw|Barbie120's rating: 1128 → 1152<\/strong> (+24 for winning)\n","uploadtime":1683580882,"views":10,"p1id":"rapt0r97","p2id":"barbie120","formatid":"gen9vgc2023regulationc","rating":1087,"private":0,"password":""}