{"id":"gen9vgc2023regulationc-1856982645","p1":"urstep-slowbro","p2":"Oonga Boonga King","format":"[Gen 9] VGC 2023 Regulation C","log":"|j|\u2606urstep-slowbro\n|j|\u2606Oonga Boonga King\n|t:|1683133301\n|gametype|doubles\n|player|p1|urstep-slowbro|preschooler|\n|player|p2|Oonga Boonga King|170|\n|teamsize|p1|6\n|teamsize|p2|6\n|gen|9\n|tier|[Gen 9] VGC 2023 Regulation C\n|rule|Species Clause: Limit one of each Pok\u00e9mon\n|rule|Item Clause: Limit one of each item\n|clearpoke\n|poke|p1|Amoonguss, L50, M|\n|poke|p1|Chien-Pao, L50|\n|poke|p1|Arcanine, L50, F|\n|poke|p1|Flutter Mane, L50|\n|poke|p1|Palafin, L50, F|\n|poke|p1|Kingambit, L50, M|\n|poke|p2|Dachsbun, L50, M|\n|poke|p2|Chi-Yu, L50|\n|poke|p2|Flutter Mane, L50|\n|poke|p2|Amoonguss, L50, M|\n|poke|p2|Tauros-Paldea-Aqua, L50, M|\n|poke|p2|Ting-Lu, L50|\n|teampreview|4\nOonga Boonga King has agreed to open team sheets.\nurstep-slowbro has agreed to open team sheets.\n|\n|t:|1683133396\n|start\n|switch|p1a: Mimi|Flutter Mane, L50|100\/100\n|switch|p1b: WoChien|Amoonguss, L50, M|100\/100\n|switch|p2a: The Bun|Dachsbun, L50, M, shiny|100\/100\n|switch|p2b: The Fish|Chi-Yu, L50|100\/100\n|-ability|p2b: The Fish|Beads of Ruin\n|-enditem|p1a: Mimi|Booster Energy\n|-activate|p1a: Mimi|ability: Protosynthesis|[fromitem]\n|-start|p1a: Mimi|protosynthesisspe\n|turn|1\n|\n|t:|1683133439\n|-terastallize|p2b: The Fish|Grass\n|-terastallize|p1b: WoChien|Water\n|move|p1a: Mimi|Protect|p1a: Mimi\n|-singleturn|p1a: Mimi|Protect\n|move|p2a: The Bun|Protect|p2a: The Bun\n|-singleturn|p2a: The Bun|Protect\n|move|p2b: The Fish|Tera Blast|p1b: WoChien\n|-supereffective|p1b: WoChien\n|-damage|p1b: WoChien|0 fnt\n|faint|p1b: WoChien\n|\n|upkeep\n|\n|t:|1683133454\n|switch|p1b: Bundle|Chien-Pao, L50|100\/100\n|-ability|p1b: Bundle|Sword of Ruin\n|turn|2\n|\n|t:|1683133553\n|switch|p2b: The Bull|Tauros-Paldea-Aqua, L50, M, shiny|100\/100\n|-ability|p2b: The Bull|Intimidate|boost\n|-unboost|p1a: Mimi|atk|1\n|-unboost|p1b: Bundle|atk|1\n|move|p1b: Bundle|Sucker Punch||[still]\n|-fail|p1b: Bundle\n|move|p1a: Mimi|Shadow Ball|p2b: The Bull\n|-damage|p2b: The Bull|49\/100\n|move|p2a: The Bun|Body Press|p1b: Bundle\n|-supereffective|p1b: Bundle\n|-enditem|p1b: Bundle|Focus Sash\n|-damage|p1b: Bundle|1\/100\n|\n|upkeep\n|turn|3\n|\n|t:|1683133617\n|switch|p1b: Dozo|Palafin, L50, F|100\/100\n|move|p2b: The Bull|Protect|p2b: The Bull\n|-singleturn|p2b: The Bull|Protect\n|move|p1a: Mimi|Moonblast|p2b: The Bull\n|-activate|p2b: The Bull|move: Protect\n|move|p2a: The Bun|Play Rough|p1b: Dozo\n|-damage|p1b: Dozo|68\/100\n|\n|upkeep\n|turn|4\n|\n|t:|1683133700\n|move|p1b: Dozo|Protect|p1b: Dozo\n|-singleturn|p1b: Dozo|Protect\n|move|p2b: The Bull|Protect|p2b: The Bull\n|-singleturn|p2b: The Bull|Protect\n|move|p1a: Mimi|Moonblast|p2b: The Bull\n|-activate|p2b: The Bull|move: Protect\n|move|p2a: The Bun|Body Press|p1b: Dozo\n|-activate|p1b: Dozo|move: Protect\n|\n|upkeep\n|turn|5\n|\n|t:|1683133730\n|detailschange|p1b: Dozo|Palafin-Hero, L50, F\n|switch|p1b: Bundle|Chien-Pao, L50|1\/100\n|-ability|p1b: Bundle|Sword of Ruin\n|move|p1a: Mimi|Moonblast|p2b: The Bull\n|-supereffective|p2b: The Bull\n|-damage|p2b: The Bull|0 fnt\n|faint|p2b: The Bull\n|move|p2a: The Bun|Body Press|p1b: Bundle\n|-supereffective|p1b: Bundle\n|-damage|p1b: Bundle|0 fnt\n|faint|p1b: Bundle\n|\n|upkeep\n|\n|t:|1683133742\n|switch|p1b: Dozo|Palafin-Hero, L50, F|68\/100\n|switch|p2b: The Head|Flutter Mane, L50, shiny|100\/100\n|-activate|p1b: Dozo|ability: Zero to Hero\n|turn|6\n|\n|t:|1683133780\n|move|p1a: Mimi|Protect|p1a: Mimi\n|-singleturn|p1a: Mimi|Protect\n|move|p2b: The Head|Protect|p2b: The Head\n|-singleturn|p2b: The Head|Protect\n|move|p1b: Dozo|Wave Crash|p2b: The Head\n|-activate|p2b: The Head|move: Protect\n|move|p2a: The Bun|Body Press|p1b: Dozo\n|-damage|p1b: Dozo|47\/100\n|\n|upkeep\n|turn|7\n|\n|t:|1683133813\n|move|p1b: Dozo|Jet Punch|p2b: The Head\n|-enditem|p2b: The Head|Focus Sash\n|-damage|p2b: The Head|1\/100\n|move|p1a: Mimi|Shadow Ball|p2b: The Head\n|-supereffective|p2b: The Head\n|-damage|p2b: The Head|0 fnt\n|faint|p2b: The Head\n|-end|p2b: The Head|Protosynthesis|[silent]\n|move|p2a: The Bun|Body Press|p1b: Dozo\n|-damage|p1b: Dozo|26\/100\n|\n|upkeep\n|\n|t:|1683133819\n|switch|p2b: The Fish|Chi-Yu, L50, tera:Grass|100\/100\n|-ability|p2b: The Fish|Beads of Ruin\n|turn|8\n|\n|t:|1683133849\n|move|p1a: Mimi|Protect|p1a: Mimi\n|-singleturn|p1a: Mimi|Protect\n|move|p1b: Dozo|Protect|p1b: Dozo\n|-singleturn|p1b: Dozo|Protect\n|move|p2b: The Fish|Lava Plume|p1a: Mimi|[spread] \n|-activate|p1a: Mimi|move: Protect\n|-activate|p1b: Dozo|move: Protect\n|-ability|p2a: The Bun|Well-Baked Body|boost\n|-boost|p2a: The Bun|def|2\n|move|p2a: The Bun|Play Rough|p1a: Mimi\n|-activate|p1a: Mimi|move: Protect\n|\n|upkeep\n|turn|9\n|\n|t:|1683133873\n|move|p1a: Mimi|Shadow Ball|p2a: The Bun\n|-damage|p2a: The Bun|44\/100\n|move|p2b: The Fish|Lava Plume|p1b: Dozo|[spread] p1a,p1b\n|-ability|p2a: The Bun|Well-Baked Body|boost\n|-boost|p2a: The Bun|def|2\n|-resisted|p1b: Dozo\n|-damage|p1a: Mimi|49\/100\n|-damage|p1b: Dozo|0 fnt\n|faint|p1b: Dozo\n|move|p2a: The Bun|Body Press|p1a: Mimi\n|-immune|p1a: Mimi\n|\n|-heal|p2a: The Bun|50\/100|[from] item: Leftovers\n|upkeep\n|turn|10\n|\n|t:|1683133888\n|move|p1a: Mimi|Shadow Ball|p2b: The Fish\n|-damage|p2b: The Fish|52\/100\n|move|p2b: The Fish|Lava Plume|p1a: Mimi|[spread] p1a\n|-ability|p2a: The Bun|Well-Baked Body|boost\n|-boost|p2a: The Bun|def|2\n|-damage|p1a: Mimi|0 fnt\n|faint|p1a: Mimi\n|-end|p1a: Mimi|Protosynthesis|[silent]\n|\n|win|Oonga Boonga King\n|l|\u2606urstep-slowbro\n","uploadtime":1683133948,"views":19,"p1id":"urstepslowbro","p2id":"oongaboongaking","formatid":"gen9vgc2023regulationc","rating":0,"private":0,"password":""}