{"id":"gen9vgc2023regulationc-1863158953","p1":"RyokouTsuki","p2":"zubitop","format":"[Gen 9] VGC 2023 Regulation C","log":"|j|\u2606RyokouTsuki\n|j|\u2606zubitop\n|t:|1683981411\n|gametype|doubles\n|player|p1|RyokouTsuki|rosa|1119\n|player|p2|zubitop|palmer|1180\n|teamsize|p1|6\n|teamsize|p2|6\n|gen|9\n|tier|[Gen 9] VGC 2023 Regulation C\n|rated|\n|rule|Species Clause: Limit one of each Pok\u00e9mon\n|rule|Item Clause: Limit one of each item\n|clearpoke\n|poke|p1|Iron Bundle, L50|\n|poke|p1|Volcarona, L50, F|\n|poke|p1|Kingambit, L50, F|\n|poke|p1|Ditto, L50|\n|poke|p1|Flutter Mane, L50|\n|poke|p1|Iron Hands, L50|\n|poke|p2|Sylveon, L50, M|\n|poke|p2|Grimmsnarl, L50, M|\n|poke|p2|Maushold-Four, L50|\n|poke|p2|Salamence, L50, M|\n|poke|p2|Skeledirge, L50, M|\n|poke|p2|Annihilape, L50, M|\n|teampreview|4\n|inactive|Battle timer is ON: inactive players will automatically lose when time's up. (requested by zubitop)\n|\n|t:|1683981452\n|start\n|switch|p1a: Iron Bundle|Iron Bundle, L50|100\/100\n|switch|p1b: Iron Hands|Iron Hands, L50|100\/100\n|switch|p2a: Grimmsnarl|Grimmsnarl, L50, M|100\/100\n|switch|p2b: Annihilape|Annihilape, L50, M|100\/100\n|-enditem|p1a: Iron Bundle|Booster Energy\n|-activate|p1a: Iron Bundle|ability: Quark Drive|[fromitem]\n|-start|p1a: Iron Bundle|quarkdrivespe\n|turn|1\n|\n|t:|1683981473\n|move|p1a: Iron Bundle|Protect|p1a: Iron Bundle\n|-singleturn|p1a: Iron Bundle|Protect\n|move|p2a: Grimmsnarl|Fake Out|p1a: Iron Bundle\n|-activate|p1a: Iron Bundle|move: Protect\n|move|p1b: Iron Hands|Fake Out|p2a: Grimmsnarl\n|-damage|p2a: Grimmsnarl|79\/100\n|move|p2b: Annihilape|Drain Punch|p1a: Iron Bundle\n|-activate|p1a: Iron Bundle|move: Protect\n|\n|upkeep\n|turn|2\n|inactive|RyokouTsuki has 30 seconds left.\n|\n|t:|1683981504\n|-end|p1a: Iron Bundle|Quark Drive|[silent]\n|switch|p1a: Ditto|Ditto, L50|100\/100\n|-transform|p1a: Ditto|p2b: Annihilape|[from] ability: Imposter\n|move|p2a: Grimmsnarl|Light Screen|p2a: Grimmsnarl\n|-sidestart|p2: zubitop|move: Light Screen\n|move|p2b: Annihilape|Drain Punch|p1a: Ditto\n|-immune|p1a: Ditto\n|move|p1b: Iron Hands|Volt Switch|p2a: Grimmsnarl\n|-damage|p2a: Grimmsnarl|72\/100\n|\n|t:|1683981514\n|-end|p1b: Iron Hands|Quark Drive|[silent]\n|switch|p1b: Kingambit|Kingambit, L50, F|100\/100|[from] Volt Switch\n|\n|upkeep\n|turn|3\n|inactive|RyokouTsuki has 30 seconds left.\n|\n|t:|1683981541\n|-terastallize|p1b: Kingambit|Flying\n|move|p2a: Grimmsnarl|Reflect|p2a: Grimmsnarl\n|-sidestart|p2: zubitop|Reflect\n|move|p1a: Ditto|Rage Fist|p2b: Annihilape\n|-supereffective|p2b: Annihilape\n|-damage|p2b: Annihilape|65\/100\n|move|p2b: Annihilape|Drain Punch|p1b: Kingambit\n|-resisted|p1b: Kingambit\n|-damage|p1b: Kingambit|86\/100\n|-heal|p2b: Annihilape|72\/100|[from] drain|[of] p1b: Kingambit\n|move|p1b: Kingambit|Swords Dance|p1b: Kingambit\n|-boost|p1b: Kingambit|atk|2\n|\n|upkeep\n|turn|4\n|inactive|zubitop has 30 seconds left.\n|inactive|zubitop has 20 seconds left.\n|\n|t:|1683981577\n|switch|p1a: Iron Hands|Iron Hands, L50|100\/100\n|move|p1b: Kingambit|Protect|p1b: Kingambit\n|-singleturn|p1b: Kingambit|Protect\n|move|p2b: Annihilape|Rage Fist|p1b: Kingambit\n|-activate|p1b: Kingambit|move: Protect\n|move|p2a: Grimmsnarl|Spirit Break|p1b: Kingambit\n|-activate|p1b: Kingambit|move: Protect\n|\n|upkeep\n|turn|5\n|c|\u2606zubitop|nailed\n|\n|t:|1683981596\n|move|p1a: Iron Hands|Fake Out|p2a: Grimmsnarl\n|-crit|p2a: Grimmsnarl\n|-damage|p2a: Grimmsnarl|42\/100\n|move|p1b: Kingambit|Sucker Punch|p2b: Annihilape\n|-damage|p2b: Annihilape|3\/100\n|-enditem|p2b: Annihilape|Sitrus Berry|[eat]\n|-heal|p2b: Annihilape|28\/100|[from] item: Sitrus Berry\n|move|p2b: Annihilape|Rage Fist|p1b: Kingambit\n|-damage|p1b: Kingambit|29\/100\n|cant|p2a: Grimmsnarl|flinch\n|\n|upkeep\n|turn|6\n|inactive|zubitop has 30 seconds left.\n|\n|t:|1683981622\n|-end|p1a: Iron Hands|Quark Drive|[silent]\n|switch|p1a: Ditto|Ditto, L50|100\/100\n|-transform|p1a: Ditto|p2b: Annihilape|[from] ability: Imposter\n|move|p2b: Annihilape|Protect|p2b: Annihilape\n|-singleturn|p2b: Annihilape|Protect\n|move|p1b: Kingambit|Sucker Punch||[still]\n|-fail|p1b: Kingambit\n|move|p2a: Grimmsnarl|Spirit Break|p1b: Kingambit\n|-damage|p1b: Kingambit|4\/100\n|-unboost|p1b: Kingambit|spa|1\n|\n|upkeep\n|turn|7\n|inactive|RyokouTsuki has 30 seconds left.\n|\n|t:|1683981656\n|switch|p2b: Maushold|Maushold-Four, L50|100\/100\n|switch|p2a: Salamence|Salamence, L50, M|100\/100\n|-ability|p2a: Salamence|Intimidate|boost\n|-unboost|p1a: Ditto|atk|1\n|-unboost|p1b: Kingambit|atk|1\n|move|p1b: Kingambit|Protect|p1b: Kingambit\n|-singleturn|p1b: Kingambit|Protect\n|move|p1a: Ditto|Rage Fist|p2b: Maushold\n|-immune|p2b: Maushold\n|\n|upkeep\n|turn|8\n|inactive|RyokouTsuki has 30 seconds left.\n|inactive|RyokouTsuki has 20 seconds left.\n|inactive|RyokouTsuki has 15 seconds left.\n|inactive|RyokouTsuki has 10 seconds left.\n|\n|t:|1683981703\n|-end|p1b: Kingambit|fallenundefined|[silent]\n|switch|p1b: Iron Hands|Iron Hands, L50|100\/100\n|move|p2b: Maushold|Follow Me|p2b: Maushold\n|-singleturn|p2b: Maushold|move: Follow Me\n|move|p2a: Salamence|Heat Wave|p1b: Iron Hands|[spread] p1a,p1b\n|-damage|p1a: Ditto|64\/100\n|-damage|p1b: Iron Hands|84\/100\n|-damage|p2a: Salamence|90\/100|[from] item: Life Orb\n|move|p1a: Ditto|Rage Fist|p2b: Maushold\n|-immune|p2b: Maushold\n|\n|upkeep\n|turn|9\n|inactive|zubitop has 30 seconds left.\n|\n|t:|1683981732\n|switch|p1a: Iron Bundle|Iron Bundle, L50|100\/100\n|move|p1b: Iron Hands|Fake Out|p2a: Salamence\n|-damage|p2a: Salamence|80\/100\n|move|p2b: Maushold|Follow Me|p2b: Maushold\n|-singleturn|p2b: Maushold|move: Follow Me\n|cant|p2a: Salamence|flinch\n|\n|-sideend|p2: zubitop|move: Light Screen\n|upkeep\n|turn|10\n|\n|t:|1683981755\n|move|p2a: Salamence|Protect|p2a: Salamence\n|-singleturn|p2a: Salamence|Protect\n|move|p1a: Iron Bundle|Blizzard|p2b: Maushold|[spread] p2b\n|-activate|p2a: Salamence|move: Protect\n|-damage|p2b: Maushold|35\/100\n|-status|p2b: Maushold|frz\n|cant|p2b: Maushold|frz\n|move|p1b: Iron Hands|Drain Punch|p2b: Maushold\n|-supereffective|p2b: Maushold\n|-damage|p2b: Maushold|0 fnt\n|-heal|p1b: Iron Hands|94\/100|[from] drain|[of] p2b: Maushold\n|faint|p2b: Maushold\n|\n|-sideend|p2: zubitop|Reflect\n|upkeep\n|\n|t:|1683981776\n|switch|p2b: Grimmsnarl|Grimmsnarl, L50, M|42\/100\n|turn|11\n|\n|t:|1683981790\n|move|p1a: Iron Bundle|Protect|p1a: Iron Bundle\n|-singleturn|p1a: Iron Bundle|Protect\n|move|p2b: Grimmsnarl|Fake Out|p1a: Iron Bundle\n|-activate|p1a: Iron Bundle|move: Protect\n|move|p2a: Salamence|Draco Meteor|p1b: Iron Hands\n|-damage|p1b: Iron Hands|48\/100\n|-unboost|p2a: Salamence|spa|2\n|-damage|p2a: Salamence|70\/100|[from] item: Life Orb\n|move|p1b: Iron Hands|Wild Charge|p2b: Grimmsnarl\n|-damage|p2b: Grimmsnarl|0 fnt\n|faint|p2b: Grimmsnarl\n|-damage|p1b: Iron Hands|40\/100|[from] Recoil\n|\n|upkeep\n|\n|t:|1683981806\n|switch|p2b: Annihilape|Annihilape, L50, M|28\/100\n|turn|12\n|\n|t:|1683981820\n|-terastallize|p2a: Salamence|Fire\n|move|p1a: Iron Bundle|Freeze-Dry|p2a: Salamence\n|-resisted|p2a: Salamence\n|-damage|p2a: Salamence|48\/100\n|move|p2a: Salamence|Heat Wave|p1a: Iron Bundle|[spread] p1a,p1b\n|-crit|p1a: Iron Bundle\n|-crit|p1b: Iron Hands\n|-damage|p1a: Iron Bundle|0 fnt\n|-damage|p1b: Iron Hands|1\/100\n|faint|p1a: Iron Bundle\n|-end|p1a: Iron Bundle|Quark Drive|[silent]\n|-damage|p2a: Salamence|38\/100|[from] item: Life Orb\n|move|p2b: Annihilape|Rage Fist|p1b: Iron Hands\n|-damage|p1b: Iron Hands|0 fnt\n|faint|p1b: Iron Hands\n|-end|p1b: Iron Hands|Quark Drive|[silent]\n|\n|upkeep\n|\n|t:|1683981834\n|switch|p1a: Ditto|Ditto, L50|64\/100\n|switch|p1b: Kingambit|Kingambit, L50, F, tera:Flying|4\/100\n|-transform|p1a: Ditto|p2b: Annihilape|[from] ability: Imposter\n|-activate|p1b: Kingambit|ability: Supreme Overlord\n|-start|p1b: Kingambit|fallen2|[silent]\n|turn|13\n|\n|t:|1683981854\n|move|p2b: Annihilape|Protect|p2b: Annihilape\n|-singleturn|p2b: Annihilape|Protect\n|move|p1b: Kingambit|Sucker Punch||[still]\n|-fail|p1b: Kingambit\n|move|p2a: Salamence|Tailwind|p2a: Salamence\n|-sidestart|p2: zubitop|move: Tailwind\n|move|p1a: Ditto|Rage Fist|p2b: Annihilape\n|-activate|p2b: Annihilape|move: Protect\n|\n|upkeep\n|turn|14\n|\n|t:|1683981868\n|move|p1b: Kingambit|Sucker Punch|p2a: Salamence\n|-damage|p2a: Salamence|0 fnt\n|faint|p2a: Salamence\n|move|p2b: Annihilape|Rage Fist|p1a: Ditto\n|-supereffective|p1a: Ditto\n|-damage|p1a: Ditto|0 fnt\n|faint|p1a: Ditto\n|\n|upkeep\n|turn|15\n|\n|t:|1683981880\n|move|p2b: Annihilape|Protect|p2b: Annihilape\n|-singleturn|p2b: Annihilape|Protect\n|move|p1b: Kingambit|Sucker Punch||[still]\n|-fail|p1b: Kingambit\n|\n|upkeep\n|turn|16\n|\n|t:|1683981887\n|move|p2b: Annihilape|Protect|p2b: Annihilape\n|-singleturn|p2b: Annihilape|Protect\n|move|p1b: Kingambit|Sucker Punch||[still]\n|-fail|p1b: Kingambit\n|\n|-sideend|p2: zubitop|move: Tailwind\n|upkeep\n|turn|17\n|\n|t:|1683981894\n|move|p1b: Kingambit|Sucker Punch||[still]\n|-fail|p1b: Kingambit\n|move|p2b: Annihilape|Bulk Up|p2b: Annihilape\n|-boost|p2b: Annihilape|atk|1\n|-boost|p2b: Annihilape|def|1\n|\n|upkeep\n|turn|18\n|\n|t:|1683981902\n|move|p2b: Annihilape|Protect|p2b: Annihilape\n|-singleturn|p2b: Annihilape|Protect\n|move|p1b: Kingambit|Protect||[still]\n|-fail|p1b: Kingambit\n|\n|upkeep\n|turn|19\n|\n|t:|1683981910\n|move|p2b: Annihilape|Rage Fist|p1b: Kingambit\n|-damage|p1b: Kingambit|0 fnt\n|faint|p1b: Kingambit\n|-end|p1b: Kingambit|fallen2|[silent]\n|\n|win|zubitop\n|raw|RyokouTsuki's rating: 1119 → 1098<\/strong> (-21 for losing)\n|raw|zubitop's rating: 1180 → 1201<\/strong> (+21 for winning)\n|l|\u2606RyokouTsuki\n","uploadtime":1683981917,"views":11,"p1id":"ryokoutsuki","p2id":"zubitop","formatid":"gen9vgc2023regulationc","rating":1098,"private":0,"password":""}