{"id":"gen9vgc2023regulationc-1854505815","p1":"helio list","p2":"HazeOneTrick","format":"[Gen 9] VGC 2023 Regulation C","log":"|j|\u2606helio list\n|j|\u2606HazeOneTrick\n|t:|1682819694\n|gametype|doubles\n|player|p1|helio list|pokemonbreederf|1525\n|player|p2|HazeOneTrick|acetrainer-gen6xy|1430\n|teamsize|p1|6\n|teamsize|p2|6\n|gen|9\n|tier|[Gen 9] VGC 2023 Regulation C\n|rated|\n|rule|Species Clause: Limit one of each Pok\u00e9mon\n|rule|Item Clause: Limit one of each item\n|clearpoke\n|poke|p1|Murkrow, L50, M|\n|poke|p1|Azumarill, L50, F|\n|poke|p1|Gholdengo, L50|\n|poke|p1|Rotom-Heat, L50|\n|poke|p1|Garchomp, L50, M|\n|poke|p1|Maushold-Four, L50|\n|poke|p2|Iron Hands, L50|\n|poke|p2|Flutter Mane, L50|\n|poke|p2|Chi-Yu, L50|\n|poke|p2|Amoonguss, L50, M|\n|poke|p2|Bronzong, L50|\n|poke|p2|Gyarados, L50, M|\n|teampreview|4\nHazeOneTrick has agreed to open team sheets.\nhelio list rejected open team sheets.\n|\n|t:|1682819780\n|start\n|switch|p1a: Murkrow|Murkrow, L50, M|100\/100\n|switch|p1b: Garchomp|Garchomp, L50, M|100\/100\n|switch|p2a: Flutter Mane|Flutter Mane, L50|100\/100\n|switch|p2b: Bronzong|Bronzong, L50|100\/100\n|turn|1\n|inactive|Battle timer is ON: inactive players will automatically lose when time's up. (requested by helio list)\n|inactive|HazeOneTrick has 60 seconds left.\n|\n|t:|1682819819\n|-end|p2a: Flutter Mane|Protosynthesis|[silent]\n|switch|p2a: Gyarados|Gyarados, L50, M|100\/100\n|-ability|p2a: Gyarados|Intimidate|boost\n|-unboost|p1a: Murkrow|atk|1\n|-unboost|p1b: Garchomp|atk|1\n|-terastallize|p1b: Garchomp|Fire\n|move|p1a: Murkrow|Taunt|p2b: Bronzong\n|-start|p2b: Bronzong|move: Taunt\n|move|p1b: Garchomp|Earthquake|p2a: Gyarados|[spread] \n|-immune|p1a: Murkrow\n|-immune|p2a: Gyarados\n|-immune|p2b: Bronzong|[from] ability: Levitate\n|cant|p2b: Bronzong|move: Taunt|Iron Defense\n|\n|upkeep\n|turn|2\n|inactive|HazeOneTrick has 30 seconds left.\n|\n|t:|1682819851\n|switch|p1b: Azumarill|Azumarill, L50, F|100\/100\n|move|p1a: Murkrow|Foul Play|p2a: Gyarados\n|-damage|p2a: Gyarados|62\/100\n|move|p2a: Gyarados|Waterfall|p1b: Azumarill\n|-resisted|p1b: Azumarill\n|-damage|p1b: Azumarill|83\/100\n|move|p2b: Bronzong|Body Press|p1b: Azumarill\n|-resisted|p1b: Azumarill\n|-damage|p1b: Azumarill|70\/100\n|\n|upkeep\n|turn|3\n|\n|t:|1682819874\n|move|p1a: Murkrow|Taunt|p2a: Gyarados\n|-start|p2a: Gyarados|move: Taunt\n|cant|p2a: Gyarados|move: Taunt|Thunder Wave\n|move|p1b: Azumarill|Liquidation|p2b: Bronzong\n|-damage|p2b: Bronzong|66\/100\n|-unboost|p2b: Bronzong|def|1\n|move|p2b: Bronzong|Heavy Slam|p1b: Azumarill\n|-damage|p1b: Azumarill|34\/100\n|\n|-end|p2b: Bronzong|move: Taunt\n|upkeep\n|turn|4\n|inactive|HazeOneTrick has 30 seconds left.\n|inactive|HazeOneTrick has 20 seconds left.\n|inactive|HazeOneTrick has 15 seconds left.\n|inactive|HazeOneTrick has 10 seconds left.\n|\n|t:|1682819920\n|move|p1a: Murkrow|Foul Play|p2b: Bronzong\n|-supereffective|p2b: Bronzong\n|-damage|p2b: Bronzong|4\/100\n|move|p2a: Gyarados|Waterfall|p1a: Murkrow\n|-damage|p1a: Murkrow|59\/100\n|move|p1b: Azumarill|Play Rough|p2a: Gyarados\n|-damage|p2a: Gyarados|7\/100\n|-enditem|p2a: Gyarados|Figy Berry|[eat]\n|-heal|p2a: Gyarados|40\/100|[from] item: Figy Berry\n|move|p2b: Bronzong|Heavy Slam|p1b: Azumarill\n|-damage|p1b: Azumarill|0 fnt\n|faint|p1b: Azumarill\n|\n|upkeep\n|\n|t:|1682819934\n|switch|p1b: Garchomp|Garchomp, L50, M, tera:Fire|100\/100\n|turn|5\n|inactive|HazeOneTrick has 30 seconds left.\n|\n|t:|1682819964\n|switch|p2a: Flutter Mane|Flutter Mane, L50|100\/100\n|move|p1a: Murkrow|Tailwind|p1a: Murkrow\n|-sidestart|p1: helio list|move: Tailwind\n|move|p1b: Garchomp|Rock Slide|p2a: Flutter Mane|[spread] p2a,p2b\n|-resisted|p2b: Bronzong\n|-damage|p2a: Flutter Mane|59\/100\n|-damage|p2b: Bronzong|0 fnt\n|faint|p2b: Bronzong\n|-damage|p1b: Garchomp|91\/100|[from] item: Life Orb\n|\n|upkeep\n|\n|t:|1682819977\n|switch|p2b: Chi-Yu|Chi-Yu, L50|100\/100\n|-ability|p2b: Chi-Yu|Beads of Ruin\n|turn|6\n|\n|t:|1682819996\n|-end|p2a: Flutter Mane|Protosynthesis|[silent]\n|switch|p2a: Gyarados|Gyarados, L50, M|40\/100\n|-ability|p2a: Gyarados|Intimidate|boost\n|-unboost|p1a: Murkrow|atk|1\n|-unboost|p1b: Garchomp|atk|1\n|-terastallize|p2b: Chi-Yu|Water\n|move|p1a: Murkrow|Haze|p1a: Murkrow\n|-clearallboost\n|move|p1b: Garchomp|Earthquake|p2b: Chi-Yu|[spread] p2b\n|-immune|p1a: Murkrow\n|-immune|p2a: Gyarados\n|-damage|p2b: Chi-Yu|47\/100\n|-damage|p1b: Garchomp|81\/100|[from] item: Life Orb\n|move|p2b: Chi-Yu|Dark Pulse|p1b: Garchomp\n|-damage|p1b: Garchomp|18\/100\n|\n|-heal|p2b: Chi-Yu|53\/100|[from] item: Leftovers\n|upkeep\n|turn|7\n|inactive|helio list has 30 seconds left.\n|inactive|HazeOneTrick has 30 seconds left.\n|inactive|HazeOneTrick has 20 seconds left.\n|inactive|HazeOneTrick has 15 seconds left.\n|inactive|HazeOneTrick has 10 seconds left.\n|\n|t:|1682820043\n|move|p1b: Garchomp|Rock Slide|p2a: Gyarados|[spread] p2a,p2b\n|-supereffective|p2a: Gyarados\n|-damage|p2a: Gyarados|0 fnt\n|-damage|p2b: Chi-Yu|26\/100\n|faint|p2a: Gyarados\n|-damage|p1b: Garchomp|9\/100|[from] item: Life Orb\n|move|p1a: Murkrow|Foul Play|p2b: Chi-Yu\n|-damage|p2b: Chi-Yu|0 fnt\n|faint|p2b: Chi-Yu\n|\n|upkeep\n|\n|t:|1682820053\n|switch|p2b: Flutter Mane|Flutter Mane, L50|59\/100\n|turn|8\n|\n|t:|1682820069\n|move|p1b: Garchomp|Earthquake|p2b: Flutter Mane|[spread] p2b\n|-immune|p1a: Murkrow\n|-damage|p2b: Flutter Mane|0 fnt\n|faint|p2b: Flutter Mane\n|-end|p2b: Flutter Mane|Protosynthesis|[silent]\n|-damage|p1b: Garchomp|0 fnt|[from] item: Life Orb\n|faint|p1b: Garchomp\n|\n|win|helio list\n|raw|helio list's rating: 1525 → 1540<\/strong> (+15 for winning)\n|raw|HazeOneTrick's rating: 1430 → 1415<\/strong> (-15 for losing)\n","uploadtime":1682820071,"views":38,"p1id":"heliolist","p2id":"hazeonetrick","formatid":"gen9vgc2023regulationc","rating":1415,"private":0,"password":""}