{"id":"gen9vgc2023regulationc-1846705150","p1":"Argyris","p2":"Seabear2112","format":"[Gen 9] VGC 2023 Regulation C","log":"|j|\u2606Argyris\n|j|\u2606Seabear2112\n|t:|1681868064\n|gametype|doubles\n|player|p1|Argyris|lass-gen4|1153\n|player|p2|Seabear2112|guitarist|1063\n|teamsize|p1|6\n|teamsize|p2|6\n|gen|9\n|tier|[Gen 9] VGC 2023 Regulation C\n|rated|\n|rule|Species Clause: Limit one of each Pok\u00e9mon\n|rule|Item Clause: Limit one of each item\n|clearpoke\n|poke|p1|Tatsugiri, L50, M|\n|poke|p1|Glimmora, L50, M|\n|poke|p1|Dragonite, L50, F|\n|poke|p1|Iron Bundle, L50|\n|poke|p1|Dondozo, L50, F|\n|poke|p1|Chi-Yu, L50|\n|poke|p2|Iron Bundle, L50|\n|poke|p2|Kingambit, L50, F|\n|poke|p2|Wo-Chien, L50|\n|poke|p2|Glimmora, L50, M|\n|poke|p2|Gothitelle, L50, M|\n|poke|p2|Flutter Mane, L50|\n|teampreview|4\n|inactive|Battle timer is ON: inactive players will automatically lose when time's up. (requested by Seabear2112)\nArgyris has agreed to open team sheets.\n|\n|t:|1681868092\n|start\n|switch|p1a: Glimmora|Glimmora, L50, M|100\/100\n|switch|p1b: Chi-Yu|Chi-Yu, L50|100\/100\n|switch|p2a: Glimmora|Glimmora, L50, M|100\/100\n|switch|p2b: Wo-Chien|Wo-Chien, L50|100\/100\n|-ability|p1b: Chi-Yu|Beads of Ruin\n|-ability|p2b: Wo-Chien|Tablets of Ruin\n|turn|1\n|\n|t:|1681868115\n|move|p2b: Wo-Chien|Protect|p2b: Wo-Chien\n|-singleturn|p2b: Wo-Chien|Protect\n|move|p1b: Chi-Yu|Heat Wave|p2b: Wo-Chien|[spread] p2a\n|-activate|p2b: Wo-Chien|move: Protect\n|-resisted|p2a: Glimmora\n|-damage|p2a: Glimmora|74\/100\n|move|p2a: Glimmora|Power Gem|p1b: Chi-Yu\n|-supereffective|p1b: Chi-Yu\n|-damage|p1b: Chi-Yu|2\/100\n|move|p1a: Glimmora|Earth Power|p2a: Glimmora\n|-supereffective|p2a: Glimmora\n|-damage|p2a: Glimmora|0 fnt\n|faint|p2a: Glimmora\n|\n|upkeep\n|\n|t:|1681868132\n|switch|p2a: Flutter Mane|Flutter Mane, L50|100\/100\n|turn|2\n|inactive|Argyris has 30 seconds left.\n|inactive|Argyris has 20 seconds left.\n|inactive|Seabear2112 has 30 seconds left.\n|\n|t:|1681868177\n|move|p2a: Flutter Mane|Protect|p2a: Flutter Mane\n|-singleturn|p2a: Flutter Mane|Protect\n|move|p1b: Chi-Yu|Protect|p1b: Chi-Yu\n|-singleturn|p1b: Chi-Yu|Protect\n|move|p1a: Glimmora|Mortal Spin|p2a: Flutter Mane|[spread] p2b\n|-activate|p2a: Flutter Mane|move: Protect\n|-supereffective|p2b: Wo-Chien\n|-damage|p2b: Wo-Chien|94\/100\n|-status|p2b: Wo-Chien|psn\n|move|p2b: Wo-Chien|Pollen Puff|p1b: Chi-Yu\n|-activate|p1b: Chi-Yu|move: Protect\n|\n|-heal|p2b: Wo-Chien|100\/100 psn|[from] item: Leftovers\n|-damage|p2b: Wo-Chien|88\/100 psn|[from] psn\n|upkeep\n|turn|3\n|inactive|Argyris has 30 seconds left.\n|\n|t:|1681868202\n|move|p2a: Flutter Mane|Dazzling Gleam|p1b: Chi-Yu|[spread] p1a,p1b\n|-resisted|p1a: Glimmora\n|-crit|p1a: Glimmora\n|-damage|p1a: Glimmora|70\/100\n|-damage|p1b: Chi-Yu|0 fnt\n|faint|p1b: Chi-Yu\n|-damage|p2a: Flutter Mane|90\/100|[from] item: Life Orb\n|move|p1a: Glimmora|Mortal Spin|p2a: Flutter Mane|[spread] p2a,p2b\n|-supereffective|p2b: Wo-Chien\n|-damage|p2a: Flutter Mane|84\/100\n|-damage|p2b: Wo-Chien|82\/100 psn\n|-status|p2a: Flutter Mane|psn\n|move|p2b: Wo-Chien|Giga Drain|p1a: Glimmora\n|-damage|p1a: Glimmora|49\/100\n|-heal|p2b: Wo-Chien|92\/100 psn|[from] drain|[of] p1a: Glimmora\n|\n|-heal|p2b: Wo-Chien|98\/100 psn|[from] item: Leftovers\n|-damage|p2a: Flutter Mane|71\/100 psn|[from] psn\n|-damage|p2b: Wo-Chien|86\/100 psn|[from] psn\n|upkeep\n|\n|t:|1681868223\n|switch|p1b: Tatsugiri|Tatsugiri, L50, M|100\/100\n|turn|4\n|inactive|Argyris has 30 seconds left.\n|inactive|Argyris has 20 seconds left.\n|\n|t:|1681868261\n|-terastallize|p2a: Flutter Mane|Fairy\n|move|p1b: Tatsugiri|Icy Wind|p2b: Wo-Chien|[spread] p2a,p2b\n|-supereffective|p2b: Wo-Chien\n|-damage|p2a: Flutter Mane|57\/100 psn\n|-damage|p2b: Wo-Chien|70\/100 psn\n|-unboost|p2a: Flutter Mane|spe|1\n|-unboost|p2b: Wo-Chien|spe|1\n|move|p2a: Flutter Mane|Moonblast|p1a: Glimmora\n|-resisted|p1a: Glimmora\n|-damage|p1a: Glimmora|19\/100\n|-damage|p2a: Flutter Mane|47\/100 psn|[from] item: Life Orb\n|move|p1a: Glimmora|Power Gem|p2a: Flutter Mane\n|-damage|p2a: Flutter Mane|1\/100 psn\n|move|p2b: Wo-Chien|Leech Seed|p1a: Glimmora\n|-start|p1a: Glimmora|move: Leech Seed\n|\n|-heal|p2b: Wo-Chien|77\/100 psn|[from] item: Leftovers\n|-damage|p1a: Glimmora|7\/100|[from] Leech Seed|[of] p2b: Wo-Chien\n|-heal|p2b: Wo-Chien|89\/100 psn|[silent]\n|-damage|p2a: Flutter Mane|0 fnt|[from] psn\n|faint|p2a: Flutter Mane\n|-end|p2a: Flutter Mane|Protosynthesis|[silent]\n|-damage|p2b: Wo-Chien|76\/100 psn|[from] psn\n|upkeep\n|\n|t:|1681868280\n|switch|p2a: Gothitelle|Gothitelle, L50, M|100\/100\n|turn|5\n|\n|t:|1681868299\n|move|p2a: Gothitelle|Fake Out|p1b: Tatsugiri\n|-damage|p1b: Tatsugiri|92\/100\n|cant|p1b: Tatsugiri|flinch\n|move|p1a: Glimmora|Mortal Spin|p2b: Wo-Chien|[spread] p2a,p2b\n|-supereffective|p2b: Wo-Chien\n|-damage|p2a: Gothitelle|97\/100\n|-damage|p2b: Wo-Chien|70\/100 psn\n|-status|p2a: Gothitelle|psn\n|-end|p1a: Glimmora|Leech Seed|[from] move: Mortal Spin|[of] p1a: Glimmora\n|move|p2b: Wo-Chien|Giga Drain|p1b: Tatsugiri\n|-damage|p1b: Tatsugiri|58\/100\n|-heal|p2b: Wo-Chien|83\/100 psn|[from] drain|[of] p1b: Tatsugiri\n|\n|-heal|p2b: Wo-Chien|89\/100 psn|[from] item: Leftovers\n|-damage|p2a: Gothitelle|85\/100 psn|[from] psn\n|-damage|p2b: Wo-Chien|77\/100 psn|[from] psn\n|upkeep\n|turn|6\n|-message|Seabear2112 forfeited.\n|\n|win|Argyris\n|raw|Argyris's rating: 1153 → 1172<\/strong> (+19 for winning)\n|raw|Seabear2112's rating: 1063 → 1048<\/strong> (-15 for losing)\n|l|\u2606Seabear2112\n|c|\u2606Argyris|gg\n","uploadtime":1681868335,"views":10,"p1id":"argyris","p2id":"seabear2112","formatid":"gen9vgc2023regulationc","rating":1048,"private":0,"password":""}