{"id":"gen9vgc2023regulationc-1848894630","p1":"BillyDickCharles_3","p2":"soleilfe","format":"[Gen 9] VGC 2023 Regulation C","log":"|j|\u2606BillyDickCharles_3\n|j|\u2606soleilfe\n|t:|1682122984\n|gametype|doubles\n|player|p1|BillyDickCharles_3|linebacker|1087\n|player|p2|soleilfe|swimmerf-gen4|1008\n|teamsize|p1|6\n|teamsize|p2|6\n|gen|9\n|tier|[Gen 9] VGC 2023 Regulation C\n|rated|\n|rule|Species Clause: Limit one of each Pok\u00e9mon\n|rule|Item Clause: Limit one of each item\n|clearpoke\n|poke|p1|Ditto, L50|\n|poke|p1|Indeedee-F, L50, F|\n|poke|p1|Fletchling, L50, M|\n|poke|p1|Maushold-Four, L50|\n|poke|p1|Pyroar, L50, M|\n|poke|p1|Braviary, L50, M|\n|poke|p2|Corviknight, L50, M|\n|poke|p2|Dragapult, L50, M|\n|poke|p2|Rockruff, L50, F|\n|poke|p2|Vaporeon, L50, F|\n|poke|p2|Slither Wing, L50|\n|poke|p2|Rotom-Heat, L50|\n|teampreview|4\n|inactive|Battle timer is ON: inactive players will automatically lose when time's up. (requested by soleilfe)\n|inactive|BillyDickCharles_3 has 60 seconds left.\n|inactive|BillyDickCharles_3 has 30 seconds left.\n|\n|t:|1682123056\n|start\n|switch|p1a: Fletchling|Fletchling, L50, M, shiny|100\/100\n|switch|p1b: Pyroar|Pyroar, L50, M|100\/100\n|switch|p2a: Mah Boi|Corviknight, L50, M, shiny|100\/100\n|switch|p2b: Bluey|Rockruff, L50, F, shiny|100\/100\n|-ability|p1b: Pyroar|Unnerve\n|turn|1\n|inactive|BillyDickCharles_3 has 30 seconds left.\n|inactive|soleilfe has 30 seconds left.\n|inactive|BillyDickCharles_3 has 20 seconds left.\n|\n|t:|1682123095\n|-terastallize|p2a: Mah Boi|Dragon\n|move|p1a: Fletchling|Tailwind|p1a: Fletchling\n|-sidestart|p1: BillyDickCharles_3|move: Tailwind\n|move|p1b: Pyroar|Flamethrower|p2a: Mah Boi\n|-resisted|p2a: Mah Boi\n|-damage|p2a: Mah Boi|77\/100\n|move|p2a: Mah Boi|Tailwind|p2a: Mah Boi\n|-sidestart|p2: soleilfe|move: Tailwind\n|move|p2b: Bluey|Roar|p1b: Pyroar\n|drag|p1b: Ditto|Ditto, L50|100\/100\n|-transform|p1b: Ditto|p2a: Mah Boi|[from] ability: Imposter\n|\n|upkeep\n|-start|p1b: Ditto|typechange|Flying\/Steel|[silent]\n|turn|2\n|inactive|soleilfe has 30 seconds left.\n|\n|t:|1682123124\n|switch|p2b: Submissive|Vaporeon, L50, F|100\/100\n|move|p1a: Fletchling|Brave Bird|p2a: Mah Boi\n|-damage|p2a: Mah Boi|39\/100\n|-damage|p1a: Fletchling|79\/100|[from] Recoil\n|move|p1b: Ditto|Brave Bird|p2a: Mah Boi\n|-damage|p2a: Mah Boi|9\/100\n|-damage|p1b: Ditto|88\/100|[from] Recoil\n|move|p2a: Mah Boi|Bulk Up|p2a: Mah Boi\n|-boost|p2a: Mah Boi|atk|1\n|-boost|p2a: Mah Boi|def|1\n|\n|upkeep\n|turn|3\n|inactive|soleilfe has 30 seconds left.\n|\n|t:|1682123158\n|switch|p2a: Bluey|Rockruff, L50, F, shiny|100\/100\n|move|p1b: Ditto|Brave Bird|p2a: Bluey\n|-resisted|p2a: Bluey\n|-damage|p2a: Bluey|71\/100\n|-damage|p1b: Ditto|78\/100|[from] Recoil\n|move|p1a: Fletchling|Brave Bird|p2a: Bluey\n|-resisted|p2a: Bluey\n|-damage|p2a: Bluey|38\/100\n|-damage|p1a: Fletchling|65\/100|[from] Recoil\n|move|p2b: Submissive|Icy Wind|p1a: Fletchling|[spread] p1a,p1b\n|-supereffective|p1a: Fletchling\n|-damage|p1a: Fletchling|2\/100\n|-damage|p1b: Ditto|69\/100\n|-unboost|p1a: Fletchling|spe|1\n|-ability|p1b: Ditto|Mirror Armor\n|-unboost|p2b: Submissive|spe|1\n|\n|upkeep\n|turn|4\n|inactive|BillyDickCharles_3 has 30 seconds left.\n|\n|t:|1682123186\n|move|p1b: Ditto|Brave Bird|p2b: Submissive\n|-damage|p2b: Submissive|60\/100\n|-damage|p1b: Ditto|48\/100|[from] Recoil\n|move|p2a: Bluey|Endeavor|p1b: Ditto\n|-damage|p1b: Ditto|37\/100\n|move|p1a: Fletchling|Brave Bird|p2b: Submissive\n|-damage|p2b: Submissive|9\/100\n|-damage|p1a: Fletchling|0 fnt|[from] Recoil\n|faint|p1a: Fletchling\n|move|p2b: Submissive|Muddy Water|p1b: Ditto\n|-damage|p1b: Ditto|6\/100\n|\n|-heal|p2b: Submissive|14\/100|[from] item: Leftovers\n|-sideend|p2: soleilfe|move: Tailwind\n|-sideend|p1: BillyDickCharles_3|move: Tailwind\n|upkeep\n|\n|t:|1682123204\n|switch|p1a: Pyroar|Pyroar, L50, M|100\/100\n|-ability|p1a: Pyroar|Unnerve\n|turn|5\n|\n|t:|1682123226\n|move|p2a: Bluey|Protect|p2a: Bluey\n|-singleturn|p2a: Bluey|Protect\n|move|p2b: Submissive|Protect|p2b: Submissive\n|-singleturn|p2b: Submissive|Protect\n|move|p1a: Pyroar|Heat Wave|p2a: Bluey|[spread] \n|-activate|p2a: Bluey|move: Protect\n|-activate|p2b: Submissive|move: Protect\n|move|p1b: Ditto|Brave Bird|p2a: Bluey\n|-activate|p2a: Bluey|move: Protect\n|\n|-heal|p2b: Submissive|20\/100|[from] item: Leftovers\n|upkeep\n|turn|6\n|c|\u2606BillyDickCharles_3|TAKE A HIKE\n|c|\u2606soleilfe|No u\n|inactive|soleilfe has 30 seconds left.\n|c|\u2606BillyDickCharles_3|WELL SEE WHEN YOU SLIP IN SHIT\n|inactive|soleilfe has 20 seconds left.\n|inactive|soleilfe has 15 seconds left.\n|\n|t:|1682123270\n|switch|p2b: Nyoom|Dragapult, L50, M|100\/100\n|move|p1a: Pyroar|Heat Wave|p2b: Nyoom|[spread] p2a,p2b\n|-resisted|p2a: Bluey\n|-resisted|p2b: Nyoom\n|-damage|p2a: Bluey|14\/100\n|-damage|p2b: Nyoom|68\/100\n|move|p1b: Ditto|Brave Bird|p2a: Bluey\n|-resisted|p2a: Bluey\n|-damage|p2a: Bluey|0 fnt\n|faint|p2a: Bluey\n|-damage|p1b: Ditto|1\/100|[from] Recoil\n|\n|upkeep\n|\n|t:|1682123283\n|switch|p2a: Mah Boi|Corviknight, L50, M, shiny, tera:Dragon|9\/100\n|turn|7\n|c|\u2606soleilfe|No u\n|\n|t:|1682123305\n|move|p2b: Nyoom|Dragon Darts|p1a: Pyroar\n|-damage|p1a: Pyroar|51\/100\n|-anim|p2b: Nyoom|Dragon Darts|p1b: Ditto\n|-resisted|p1b: Ditto\n|-damage|p1b: Ditto|0 fnt\n|faint|p1b: Ditto\n|move|p1a: Pyroar|Heat Wave|p2a: Mah Boi|[spread] p2a,p2b\n|-resisted|p2a: Mah Boi\n|-resisted|p2b: Nyoom\n|-damage|p2a: Mah Boi|0 fnt\n|-damage|p2b: Nyoom|32\/100\n|faint|p2a: Mah Boi\n|\n|upkeep\n|\n|t:|1682123317\n|switch|p1b: Indeedee|Indeedee-F, L50, F, shiny|100\/100\n|switch|p2a: Submissive|Vaporeon, L50, F|20\/100\n|-fieldstart|move: Psychic Terrain|[from] ability: Psychic Surge|[of] p1b: Indeedee\n|turn|8\n|\n|t:|1682123340\n|-terastallize|p1a: Pyroar|Water\n|move|p2a: Submissive|Protect|p2a: Submissive\n|-singleturn|p2a: Submissive|Protect\n|move|p1b: Indeedee|Follow Me|p1b: Indeedee\n|-singleturn|p1b: Indeedee|move: Follow Me\n|move|p2b: Nyoom|Dragon Darts|p1b: Indeedee\n|-crit|p1b: Indeedee\n|-damage|p1b: Indeedee|7\/100\n|-anim|p2b: Nyoom|Dragon Darts|p1b: Indeedee\n|-damage|p1b: Indeedee|0 fnt\n|faint|p1b: Indeedee\n|move|p1a: Pyroar|Heat Wave|p2a: Submissive|[spread] p2b\n|-activate|p2a: Submissive|move: Protect\n|-resisted|p2b: Nyoom\n|-damage|p2b: Nyoom|0 fnt\n|faint|p2b: Nyoom\n|\n|-heal|p2a: Submissive|26\/100|[from] item: Leftovers\n|upkeep\n|turn|9\n|\n|t:|1682123362\n|move|p1a: Pyroar|Heat Wave|p2a: Submissive\n|-resisted|p2a: Submissive\n|-damage|p2a: Submissive|7\/100\n|move|p2a: Submissive|Muddy Water|p1a: Pyroar\n|-resisted|p1a: Pyroar\n|-damage|p1a: Pyroar|25\/100\n|-unboost|p1a: Pyroar|accuracy|1\n|\n|-heal|p2a: Submissive|13\/100|[from] item: Leftovers\n|upkeep\n|turn|10\n|\n|t:|1682123372\n|move|p2a: Submissive|Protect|p2a: Submissive\n|-singleturn|p2a: Submissive|Protect\n|move|p1a: Pyroar|Heat Wave|p2a: Submissive\n|-activate|p2a: Submissive|move: Protect\n|\n|-heal|p2a: Submissive|19\/100|[from] item: Leftovers\n|upkeep\n|turn|11\n|\n|t:|1682123381\n|move|p1a: Pyroar|Heat Wave|p2a: Submissive\n|-resisted|p2a: Submissive\n|-damage|p2a: Submissive|1\/100\n|move|p2a: Submissive|Muddy Water|p1a: Pyroar\n|-resisted|p1a: Pyroar\n|-damage|p1a: Pyroar|1\/100\n|\n|-heal|p2a: Submissive|7\/100|[from] item: Leftovers\n|upkeep\n|turn|12\n|c|\u2606BillyDickCharles_3|this match is insane LOL\n|\n|t:|1682123390\n|move|p2a: Submissive|Protect|p2a: Submissive\n|-singleturn|p2a: Submissive|Protect\n|move|p1a: Pyroar|Heat Wave|p2a: Submissive\n|-activate|p2a: Submissive|move: Protect\n|\n|-heal|p2a: Submissive|13\/100|[from] item: Leftovers\n|-fieldend|move: Psychic Terrain\n|upkeep\n|turn|13\n|c|\u2606soleilfe|Ye\n|\n|t:|1682123399\n|move|p1a: Pyroar|Heat Wave|p2a: Submissive\n|-resisted|p2a: Submissive\n|-damage|p2a: Submissive|0 fnt\n|faint|p2a: Submissive\n|\n|win|BillyDickCharles_3\n|raw|BillyDickCharles_3's rating: 1087 → 1108<\/strong> (+21 for winning)\n|raw|soleilfe's rating: 1008 → 1000<\/strong> (-8 for losing)\n|c|\u2606BillyDickCharles_3|better clean up\n|c|\u2606soleilfe|No u\n|c|\u2606BillyDickCharles_3|gg lol\n|c|\u2606BillyDickCharles_3|was rly good\n|c|\u2606soleilfe|Gg u\n","uploadtime":1682123422,"views":11,"p1id":"billydickcharles3","p2id":"soleilfe","formatid":"gen9vgc2023regulationc","rating":1000,"private":0,"password":""}