{"id":"gen9vgc2023regulationc-1858913207","p1":"M4tty02","p2":"Keter.Kun","format":"[Gen 9] VGC 2023 Regulation C","log":"|j|\u2606M4tty02\n|j|\u2606Keter.Kun\n|t:|1683382673\n|gametype|doubles\n|player|p1|M4tty02|emmet|\n|player|p2|Keter.Kun|2|\n|teamsize|p1|6\n|teamsize|p2|6\n|gen|9\n|tier|[Gen 9] VGC 2023 Regulation C\n|rule|Species Clause: Limit one of each Pok\u00e9mon\n|rule|Item Clause: Limit one of each item\n|clearpoke\n|poke|p1|Chi-Yu, L50|\n|poke|p1|Flutter Mane, L50|\n|poke|p1|Amoonguss, L50, F|\n|poke|p1|Iron Hands, L50|\n|poke|p1|Palafin, L50, M|\n|poke|p1|Arcanine, L50, F|\n|poke|p2|Volcarona, L50, M|\n|poke|p2|Oricorio-Pom-Pom, L50, F|\n|poke|p2|Amoonguss, L50, M|\n|poke|p2|Iron Bundle, L50|\n|poke|p2|Great Tusk, L50|\n|poke|p2|Kingambit, L50, M|\n|teampreview|4\n|j| lucarioex555\nKeter.Kun has agreed to open team sheets.\nM4tty02 has agreed to open team sheets.\n|\n|t:|1683382712\n|start\n|switch|p1a: Chi-Yu|Chi-Yu, L50|100\/100\n|switch|p1b: Palafin|Palafin, L50, M, shiny|100\/100\n|switch|p2a: Volcarona|Volcarona, L50, M|100\/100\n|switch|p2b: Oricorio|Oricorio-Pom-Pom, L50, F|100\/100\n|-ability|p1a: Chi-Yu|Beads of Ruin\n|turn|1\n|inactive|Battle timer is ON: inactive players will automatically lose when time's up. (requested by Keter.Kun)\n|\n|t:|1683382732\n|-terastallize|p1b: Palafin|Water\n|move|p2a: Volcarona|Protect|p2a: Volcarona\n|-singleturn|p2a: Volcarona|Protect\n|move|p1b: Palafin|Jet Punch|p2b: Oricorio\n|-damage|p2b: Oricorio|44\/100\n|move|p1a: Chi-Yu|Heat Wave|p2a: Volcarona|[spread] p2b\n|-activate|p2a: Volcarona|move: Protect\n|-damage|p2b: Oricorio|0 fnt\n|faint|p2b: Oricorio\n|\n|upkeep\n|\n|t:|1683382745\n|switch|p2b: Iron Bundle|Iron Bundle, L50|100\/100\n|-enditem|p2b: Iron Bundle|Booster Energy\n|-activate|p2b: Iron Bundle|ability: Quark Drive|[fromitem]\n|-start|p2b: Iron Bundle|quarkdrivespe\n|turn|2\n|\n|t:|1683382766\n|switch|p1a: Iron Hands|Iron Hands, L50|100\/100\n|-terastallize|p2a: Volcarona|Water\n|move|p2b: Iron Bundle|Protect|p2b: Iron Bundle\n|-singleturn|p2b: Iron Bundle|Protect\n|move|p1b: Palafin|Protect|p1b: Palafin\n|-singleturn|p1b: Palafin|Protect\n|move|p2a: Volcarona|Struggle Bug|p1b: Palafin|[spread] p1a\n|-activate|p1b: Palafin|move: Protect\n|-resisted|p1a: Iron Hands\n|-damage|p1a: Iron Hands|97\/100\n|-unboost|p1a: Iron Hands|spa|1\n|\n|upkeep\n|turn|3\n|inactive|Keter.Kun has 30 seconds left.\n|inactive|M4tty02 has 30 seconds left.\n|\n|t:|1683382798\n|-end|p2b: Iron Bundle|Quark Drive|[silent]\n|switch|p2b: Amoonguss|Amoonguss, L50, M|100\/100\n|detailschange|p1b: Palafin|Palafin-Hero, L50, M, shiny, tera:Water\n|switch|p1b: Flutter Mane|Flutter Mane, L50|100\/100\n|-enditem|p1b: Flutter Mane|Booster Energy\n|-activate|p1b: Flutter Mane|ability: Protosynthesis|[fromitem]\n|-start|p1b: Flutter Mane|protosynthesisspa\n|move|p2a: Volcarona|Fiery Dance|p1a: Iron Hands\n|-damage|p1a: Iron Hands|79\/100\n|-boost|p2a: Volcarona|spa|1\n|move|p1a: Iron Hands|Volt Switch|p2b: Amoonguss\n|-resisted|p2b: Amoonguss\n|-damage|p2b: Amoonguss|96\/100\n|\n|t:|1683382812\n|-end|p1a: Iron Hands|Quark Drive|[silent]\n|switch|p1a: Chi-Yu|Chi-Yu, L50|100\/100|[from] Volt Switch\n|-ability|p1a: Chi-Yu|Beads of Ruin\n|\n|upkeep\n|turn|4\n|inactive|Keter.Kun has 30 seconds left.\n|\n|t:|1683382842\n|switch|p2b: Iron Bundle|Iron Bundle, L50|100\/100\n|move|p2a: Volcarona|Protect|p2a: Volcarona\n|-singleturn|p2a: Volcarona|Protect\n|move|p1a: Chi-Yu|Heat Wave|p2a: Volcarona|[spread] p2b\n|-activate|p2a: Volcarona|move: Protect\n|-damage|p2b: Iron Bundle|6\/100\n|move|p1b: Flutter Mane|Shadow Ball|p2b: Iron Bundle\n|-damage|p2b: Iron Bundle|0 fnt\n|faint|p2b: Iron Bundle\n|-end|p2b: Iron Bundle|Quark Drive|[silent]\n|\n|upkeep\n|\n|t:|1683382852\n|switch|p2b: Amoonguss|Amoonguss, L50, M|100\/100\n|turn|5\n|\n|t:|1683382866\n|move|p1a: Chi-Yu|Heat Wave|p2a: Volcarona|[spread] p2a,p2b\n|-resisted|p2a: Volcarona\n|-supereffective|p2b: Amoonguss\n|-damage|p2a: Volcarona|74\/100\n|-damage|p2b: Amoonguss|7\/100\n|-enditem|p2b: Amoonguss|Aguav Berry|[eat]\n|-heal|p2b: Amoonguss|40\/100|[from] item: Aguav Berry\n|move|p2a: Volcarona|Quiver Dance|p2a: Volcarona\n|-boost|p2a: Volcarona|spa|1\n|-boost|p2a: Volcarona|spd|1\n|-boost|p2a: Volcarona|spe|1\n|move|p1b: Flutter Mane|Shadow Ball|p2b: Amoonguss\n|-damage|p2b: Amoonguss|0 fnt\n|faint|p2b: Amoonguss\n|\n|-heal|p2a: Volcarona|80\/100|[from] item: Leftovers\n|upkeep\n|turn|6\n|\n|t:|1683382891\n|move|p1a: Chi-Yu|Heat Wave|p2a: Volcarona\n|-resisted|p2a: Volcarona\n|-damage|p2a: Volcarona|57\/100\n|move|p2a: Volcarona|Quiver Dance|p2a: Volcarona\n|-boost|p2a: Volcarona|spa|1\n|-boost|p2a: Volcarona|spd|1\n|-boost|p2a: Volcarona|spe|1\n|move|p1b: Flutter Mane|Shadow Ball|p2a: Volcarona\n|-damage|p2a: Volcarona|15\/100\n|\n|-heal|p2a: Volcarona|22\/100|[from] item: Leftovers\n|upkeep\n|turn|7\n|\n|t:|1683382905\n|move|p2a: Volcarona|Protect|p2a: Volcarona\n|-singleturn|p2a: Volcarona|Protect\n|move|p1a: Chi-Yu|Heat Wave|p2a: Volcarona\n|-activate|p2a: Volcarona|move: Protect\n|move|p1b: Flutter Mane|Shadow Ball|p2a: Volcarona\n|-activate|p2a: Volcarona|move: Protect\n|\n|-heal|p2a: Volcarona|28\/100|[from] item: Leftovers\n|upkeep\n|turn|8\n|\n|t:|1683382915\n|move|p2a: Volcarona|Struggle Bug|p1a: Chi-Yu|[spread] p1a,p1b\n|-resisted|p1b: Flutter Mane\n|-damage|p1a: Chi-Yu|49\/100\n|-damage|p1b: Flutter Mane|89\/100\n|-unboost|p1a: Chi-Yu|spa|1\n|-unboost|p1b: Flutter Mane|spa|1\n|move|p1a: Chi-Yu|Heat Wave|p2a: Volcarona\n|-resisted|p2a: Volcarona\n|-damage|p2a: Volcarona|16\/100\n|move|p1b: Flutter Mane|Shadow Ball|p2a: Volcarona\n|-damage|p2a: Volcarona|0 fnt\n|faint|p2a: Volcarona\n|\n|win|M4tty02\n|c|\u2606Keter.Kun|gg\n|c|\u2606M4tty02|gg\n|l|\u2606Keter.Kun\n|l| lucarioex555\n","uploadtime":1683383086,"views":7,"p1id":"m4tty02","p2id":"keterkun","formatid":"gen9vgc2023regulationc","rating":0,"private":0,"password":""}