{"id":"gen9vgc2023regulationc-1860224281","p1":"SweetSerenityGrace","p2":"firejune","format":"[Gen 9] VGC 2023 Regulation C","log":"|j|\u2606SweetSerenityGrace\n|j|\u2606firejune\n|t:|1683613359\n|gametype|doubles\n|player|p1|SweetSerenityGrace|iris-gen5bw2|1247\n|player|p2|firejune|102|1305\n|teamsize|p1|6\n|teamsize|p2|6\n|gen|9\n|tier|[Gen 9] VGC 2023 Regulation C\n|rated|\n|rule|Species Clause: Limit one of each Pok\u00e9mon\n|rule|Item Clause: Limit one of each item\n|clearpoke\n|poke|p1|Flutter Mane, L50|\n|poke|p1|Chi-Yu, L50|\n|poke|p1|Palafin, L50, F|\n|poke|p1|Dragonite, L50, F|\n|poke|p1|Iron Hands, L50|\n|poke|p1|Amoonguss, L50, F|\n|poke|p2|Gothitelle, L50, F|\n|poke|p2|Scream Tail, L50|\n|poke|p2|Ting-Lu, L50|\n|poke|p2|Iron Hands, L50|\n|poke|p2|Flutter Mane, L50|\n|poke|p2|Amoonguss, L50, M|\n|teampreview|4\n|\n|t:|1683613380\n|start\n|switch|p1a: Big Missy|Flutter Mane, L50|100\/100\n|switch|p1b: Finnie|Palafin, L50, F|100\/100\n|switch|p2a: Gothitelle|Gothitelle, L50, F|100\/100\n|switch|p2b: Flutter Mane|Flutter Mane, L50|100\/100\n|-enditem|p1a: Big Missy|Booster Energy\n|-activate|p1a: Big Missy|ability: Protosynthesis|[fromitem]\n|-start|p1a: Big Missy|protosynthesisspe\n|turn|1\n|\n|t:|1683613412\n|-terastallize|p2b: Flutter Mane|Fairy\n|move|p1a: Big Missy|Protect|p1a: Big Missy\n|-singleturn|p1a: Big Missy|Protect\n|move|p2a: Gothitelle|Fake Out|p1b: Finnie\n|-damage|p1b: Finnie|95\/100\n|move|p2b: Flutter Mane|Perish Song|p2b: Flutter Mane\n|-start|p1a: Big Missy|perish3|[silent]\n|-start|p1b: Finnie|perish3|[silent]\n|-start|p2a: Gothitelle|perish3|[silent]\n|-start|p2b: Flutter Mane|perish3|[silent]\n|-fieldactivate|move: Perish Song\n|cant|p1b: Finnie|flinch\n|\n|-start|p1a: Big Missy|perish3\n|-start|p2b: Flutter Mane|perish3\n|-start|p1b: Finnie|perish3\n|-start|p2a: Gothitelle|perish3\n|upkeep\n|turn|2\n|\n|t:|1683613439\n|move|p2b: Flutter Mane|Protect|p2b: Flutter Mane\n|-singleturn|p2b: Flutter Mane|Protect\n|move|p2a: Gothitelle|Protect|p2a: Gothitelle\n|-singleturn|p2a: Gothitelle|Protect\n|move|p1a: Big Missy|Shadow Ball|p2a: Gothitelle\n|-activate|p2a: Gothitelle|move: Protect\n|move|p1b: Finnie|Flip Turn|p2a: Gothitelle\n|-activate|p2a: Gothitelle|move: Protect\n|\n|-start|p1a: Big Missy|perish2\n|-start|p2b: Flutter Mane|perish2\n|-start|p1b: Finnie|perish2\n|-start|p2a: Gothitelle|perish2\n|upkeep\n|turn|3\n|\n|t:|1683613463\n|switch|p2a: Ting-Lu|Ting-Lu, L50|100\/100\n|-ability|p2a: Ting-Lu|Vessel of Ruin\n|move|p1a: Big Missy|Shadow Ball|p2a: Ting-Lu\n|-resisted|p2a: Ting-Lu\n|-damage|p2a: Ting-Lu|92\/100\n|-enditem|p2a: Ting-Lu|Eject Button\n|\n|t:|1683613475\n|switch|p2a: Gothitelle|Gothitelle, L50, F|100\/100\n|move|p2b: Flutter Mane|Shadow Ball|p1a: Big Missy\n|-supereffective|p1a: Big Missy\n|-damage|p1a: Big Missy|0 fnt\n|faint|p1a: Big Missy\n|-end|p1a: Big Missy|Protosynthesis|[silent]\n|-damage|p2b: Flutter Mane|91\/100|[from] item: Life Orb\n|move|p1b: Finnie|Flip Turn|p2a: Gothitelle\n|-damage|p2a: Gothitelle|71\/100\n|inactive|Battle timer is ON: inactive players will automatically lose when time's up. (requested by SweetSerenityGrace)\n|\n|t:|1683613489\n|detailschange|p1b: Finnie|Palafin-Hero, L50, F\n|switch|p1b: Dragonite|Dragonite, L50, F|100\/100|[from] Flip Turn\n|\n|-start|p2b: Flutter Mane|perish1\n|upkeep\n|\n|t:|1683613505\n|switch|p1a: Shroomie|Amoonguss, L50, F|100\/100\n|turn|4\n|\n|t:|1683613515\n|-end|p2b: Flutter Mane|Protosynthesis|[silent]\n|switch|p2b: Iron Hands|Iron Hands, L50|100\/100\n|-terastallize|p1b: Dragonite|Normal\n|move|p2a: Gothitelle|Fake Out|p1a: Shroomie\n|-damage|p1a: Shroomie|96\/100\n|-damage|p2a: Gothitelle|55\/100|[from] item: Rocky Helmet|[of] p1a: Shroomie\n|move|p1b: Dragonite|Dragon Dance|p1b: Dragonite\n|-boost|p1b: Dragonite|atk|1\n|-boost|p1b: Dragonite|spe|1\n|cant|p1a: Shroomie|flinch\n|\n|upkeep\n|turn|5\n|\n|t:|1683613537\n|move|p2b: Iron Hands|Fake Out|p1a: Shroomie\n|-damage|p1a: Shroomie|82\/100\n|-damage|p2b: Iron Hands|84\/100|[from] item: Rocky Helmet|[of] p1a: Shroomie\n|move|p1b: Dragonite|Extreme Speed|p2a: Gothitelle\n|-damage|p2a: Gothitelle|0 fnt\n|faint|p2a: Gothitelle\n|cant|p1a: Shroomie|flinch\n|\n|upkeep\n|\n|t:|1683613547\n|switch|p2a: Ting-Lu|Ting-Lu, L50|92\/100\n|-ability|p2a: Ting-Lu|Vessel of Ruin\n|turn|6\n|\n|t:|1683613559\n|move|p1b: Dragonite|Outrage|p2b: Iron Hands\n|-damage|p2b: Iron Hands|13\/100\n|move|p2a: Ting-Lu|Stomping Tantrum|p1b: Dragonite\n|-damage|p1b: Dragonite|87\/100\n|move|p2b: Iron Hands|Drain Punch|p1b: Dragonite\n|-supereffective|p1b: Dragonite\n|-damage|p1b: Dragonite|4\/100\n|-heal|p2b: Iron Hands|44\/100|[from] drain|[of] p1b: Dragonite\n|move|p1a: Shroomie|Spore|p2b: Iron Hands\n|-status|p2b: Iron Hands|slp|[from] move: Spore\n|\n|upkeep\n|turn|7\n|\n|t:|1683613579\n|move|p1a: Shroomie|Rage Powder|p1a: Shroomie\n|-singleturn|p1a: Shroomie|move: Rage Powder\n|move|p1b: Dragonite|Outrage|p2b: Iron Hands|[from]lockedmove\n|-damage|p2b: Iron Hands|0 fnt\n|faint|p2b: Iron Hands\n|-end|p2b: Iron Hands|Quark Drive|[silent]\n|-start|p1b: Dragonite|confusion|[fatigue]\n|-enditem|p1b: Dragonite|Lum Berry|[eat]\n|-end|p1b: Dragonite|confusion\n|move|p2a: Ting-Lu|Stomping Tantrum|p1a: Shroomie\n|-damage|p1a: Shroomie|60\/100\n|-damage|p2a: Ting-Lu|75\/100|[from] item: Rocky Helmet|[of] p1a: Shroomie\n|\n|upkeep\n|\n|t:|1683613592\n|switch|p2b: Flutter Mane|Flutter Mane, L50, tera:Fairy|91\/100\n|turn|8\n|\n|t:|1683613611\n|move|p1b: Dragonite|Extreme Speed|p2b: Flutter Mane\n|-damage|p2b: Flutter Mane|0 fnt\n|faint|p2b: Flutter Mane\n|-end|p2b: Flutter Mane|Protosynthesis|[silent]\n|move|p1a: Shroomie|Rage Powder|p1a: Shroomie\n|-singleturn|p1a: Shroomie|move: Rage Powder\n|move|p2a: Ting-Lu|Heavy Slam|p1a: Shroomie\n|-damage|p1a: Shroomie|34\/100\n|-damage|p2a: Ting-Lu|59\/100|[from] item: Rocky Helmet|[of] p1a: Shroomie\n|\n|upkeep\n|turn|9\n|-message|firejune forfeited.\n|\n|win|SweetSerenityGrace\n|raw|SweetSerenityGrace's rating: 1247 → 1276<\/strong> (+29 for winning)\n|raw|firejune's rating: 1305 → 1282<\/strong> (-23 for losing)\n|l|\u2606firejune\n","uploadtime":1683613674,"views":5,"p1id":"sweetserenitygrace","p2id":"firejune","formatid":"gen9vgc2023regulationc","rating":1276,"private":0,"password":""}