{"id":"gen9vgc2023regulationc-1861791790","p1":"aa230","p2":"aokbab","format":"[Gen 9] VGC 2023 Regulation C","log":"|j|\u2606aa230\n|j|\u2606aokbab\n|t:|1683809095\n|gametype|doubles\n|player|p1|aa230|dawn|1632\n|player|p2|aokbab|101|1565\n|teamsize|p1|6\n|teamsize|p2|6\n|gen|9\n|tier|[Gen 9] VGC 2023 Regulation C\n|rated|\n|rule|Species Clause: Limit one of each Pok\u00e9mon\n|rule|Item Clause: Limit one of each item\n|clearpoke\n|poke|p1|Chi-Yu, L50|\n|poke|p1|Flutter Mane, L50|\n|poke|p1|Corviknight, L50, M|\n|poke|p1|Rotom-Wash, L50|\n|poke|p1|Baxcalibur, L50, M|\n|poke|p1|Klefki, L50, F|\n|poke|p2|Maushold-Four, L50|\n|poke|p2|Gholdengo, L50|\n|poke|p2|Flutter Mane, L50|\n|poke|p2|Dragonite, L50, F|\n|poke|p2|Chi-Yu, L50|\n|poke|p2|Azumarill, L50, M|\n|teampreview|4\n|inactive|Battle timer is ON: inactive players will automatically lose when time's up. (requested by aa230)\n|inactive|aokbab has 60 seconds left.\n|inactive|aokbab has 30 seconds left.\n|inactive|aokbab has 20 seconds left.\n|\n|t:|1683809168\n|start\n|switch|p1a: Baxcalibur|Baxcalibur, L50, M|100\/100\n|switch|p1b: Klefki|Klefki, L50, F|100\/100\n|switch|p2a: Chi-Yu|Chi-Yu, L50|100\/100\n|switch|p2b: Dragonite|Dragonite, L50, F|100\/100\n|-ability|p2a: Chi-Yu|Beads of Ruin\n|turn|1\n|\n|t:|1683809193\n|switch|p2b: Azumarill|Azumarill, L50, M|100\/100\n|-terastallize|p1b: Klefki|Water\n|move|p1b: Klefki|Light Screen|p1b: Klefki\n|-sidestart|p1: aa230|move: Light Screen\n|move|p2a: Chi-Yu|Flamethrower|p1b: Klefki\n|-resisted|p1b: Klefki\n|-damage|p1b: Klefki|85\/100\n|move|p1a: Baxcalibur|Icicle Crash|p2b: Azumarill\n|-resisted|p2b: Azumarill\n|-damage|p2b: Azumarill|76\/100\n|\n|upkeep\n|turn|2\n|\n|t:|1683809217\n|switch|p1b: Rotom|Rotom-Wash, L50|100\/100\n|move|p2a: Chi-Yu|Snarl|p1a: Baxcalibur|[spread] p1a,p1b\n|-damage|p1a: Baxcalibur|84\/100\n|-damage|p1b: Rotom|84\/100\n|-unboost|p1b: Rotom|spa|1\n|move|p1a: Baxcalibur|Earthquake|p2a: Chi-Yu|[spread] p2a,p2b\n|-immune|p1b: Rotom|[from] ability: Levitate\n|-supereffective|p2a: Chi-Yu\n|-damage|p2a: Chi-Yu|40\/100\n|-damage|p2b: Azumarill|48\/100\n|move|p2b: Azumarill|Play Rough|p1a: Baxcalibur\n|-supereffective|p1a: Baxcalibur\n|-damage|p1a: Baxcalibur|0 fnt\n|faint|p1a: Baxcalibur\n|\n|upkeep\n|\n|t:|1683809239\n|switch|p1a: Flutter Mane|Flutter Mane, L50|100\/100\n|-enditem|p1a: Flutter Mane|Booster Energy\n|-activate|p1a: Flutter Mane|ability: Protosynthesis|[fromitem]\n|-start|p1a: Flutter Mane|protosynthesisspa\n|turn|3\n|\n|t:|1683809257\n|move|p2b: Azumarill|Aqua Jet|p1a: Flutter Mane\n|-damage|p1a: Flutter Mane|56\/100\n|move|p1a: Flutter Mane|Moonblast|p2a: Chi-Yu\n|-damage|p2a: Chi-Yu|0 fnt\n|faint|p2a: Chi-Yu\n|move|p1b: Rotom|Thunderbolt|p2b: Azumarill\n|-supereffective|p2b: Azumarill\n|-damage|p2b: Azumarill|0 fnt\n|faint|p2b: Azumarill\n|\n|upkeep\n|\n|t:|1683809269\n|switch|p2a: Dragonite|Dragonite, L50, F|100\/100\n|switch|p2b: Flutter Mane|Flutter Mane, L50|100\/100\n|-enditem|p2b: Flutter Mane|Booster Energy\n|-activate|p2b: Flutter Mane|ability: Protosynthesis|[fromitem]\n|-start|p2b: Flutter Mane|protosynthesisspe\n|turn|4\n|inactive|aokbab has 30 seconds left.\n|inactive|aokbab has 20 seconds left.\n|inactive|aokbab has 15 seconds left.\n|inactive|aokbab has 10 seconds left.\n|inactive|aokbab has 5 seconds left.\n|\n|t:|1683809324\n|switch|p1b: Klefki|Klefki, L50, F, tera:Water|85\/100\n|move|p2b: Flutter Mane|Protect|p2b: Flutter Mane\n|-singleturn|p2b: Flutter Mane|Protect\n|move|p1a: Flutter Mane|Protect|p1a: Flutter Mane\n|-singleturn|p1a: Flutter Mane|Protect\n|move|p2a: Dragonite|Tailwind|p2a: Dragonite\n|-sidestart|p2: aokbab|move: Tailwind\n|\n|upkeep\n|turn|5\n|inactive|aa230 has 30 seconds left.\n|inactive|aokbab has 30 seconds left.\n|\n|t:|1683809357\n|-end|p1a: Flutter Mane|Protosynthesis|[silent]\n|switch|p1a: Rotom|Rotom-Wash, L50|84\/100\n|-terastallize|p2a: Dragonite|Flying\n|move|p1b: Klefki|Reflect|p1b: Klefki\n|-sidestart|p1: aa230|Reflect\n|move|p2b: Flutter Mane|Moonblast|p1b: Klefki\n|-damage|p1b: Klefki|57\/100\n|-unboost|p1b: Klefki|spa|1\n|move|p2a: Dragonite|Tera Blast|p1a: Rotom\n|-resisted|p1a: Rotom\n|-damage|p1a: Rotom|61\/100\n|\n|upkeep\n|turn|6\n|inactive|aa230 has 30 seconds left.\n|\n|t:|1683809386\n|move|p1b: Klefki|Thunder Wave|p2b: Flutter Mane\n|-status|p2b: Flutter Mane|par\n|move|p2a: Dragonite|Tera Blast|p1b: Klefki\n|-damage|p1b: Klefki|18\/100\n|cant|p2b: Flutter Mane|par\n|move|p1a: Rotom|Volt Switch|p2a: Dragonite\n|-supereffective|p2a: Dragonite\n|-damage|p2a: Dragonite|50\/100\n|\n|t:|1683809398\n|switch|p1a: Flutter Mane|Flutter Mane, L50|56\/100|[from] Volt Switch\n|\n|upkeep\n|turn|7\n|inactive|aokbab has 30 seconds left.\n|\n|t:|1683809423\n|move|p1a: Flutter Mane|Protect|p1a: Flutter Mane\n|-singleturn|p1a: Flutter Mane|Protect\n|move|p2a: Dragonite|Tera Blast|p1a: Flutter Mane\n|-activate|p1a: Flutter Mane|move: Protect\n|cant|p2b: Flutter Mane|par\n|move|p1b: Klefki|Dazzling Gleam|p2b: Flutter Mane|[spread] p2a,p2b\n|-damage|p2a: Dragonite|37\/100\n|-damage|p2b: Flutter Mane|90\/100 par\n|\n|-sideend|p2: aokbab|move: Tailwind\n|upkeep\n|turn|8\n|j| merahmerona\n|inactive|aa230 has 30 seconds left.\n|\n|t:|1683809449\n|move|p2a: Dragonite|Extreme Speed|p1b: Klefki\n|-damage|p1b: Klefki|0 fnt\n|faint|p1b: Klefki\n|move|p1a: Flutter Mane|Dazzling Gleam|p2b: Flutter Mane|[spread] p2a,p2b\n|-crit|p2b: Flutter Mane\n|-damage|p2a: Dragonite|5\/100\n|-damage|p2b: Flutter Mane|45\/100 par\n|cant|p2b: Flutter Mane|par\n|\n|-sideend|p1: aa230|move: Light Screen\n|upkeep\n|\n|t:|1683809459\n|switch|p1b: Rotom|Rotom-Wash, L50|61\/100\n|turn|9\n|\n|t:|1683809479\n|move|p2a: Dragonite|Extreme Speed|p1b: Rotom\n|-damage|p1b: Rotom|37\/100\n|move|p1a: Flutter Mane|Shadow Ball|p2b: Flutter Mane\n|-supereffective|p2b: Flutter Mane\n|-damage|p2b: Flutter Mane|0 fnt\n|faint|p2b: Flutter Mane\n|-end|p2b: Flutter Mane|Protosynthesis|[silent]\n|move|p1b: Rotom|Thunderbolt|p2a: Dragonite\n|-supereffective|p2a: Dragonite\n|-damage|p2a: Dragonite|0 fnt\n|faint|p2a: Dragonite\n|\n|win|aa230\n|raw|aa230's rating: 1632 → 1648<\/strong> (+16 for winning)\n|raw|aokbab's rating: 1565 → 1549<\/strong> (-16 for losing)\n|l|\u2606aa230\n","uploadtime":1683809492,"views":13,"p1id":"aa230","p2id":"aokbab","formatid":"gen9vgc2023regulationc","rating":1549,"private":0,"password":""}