{"id":"gen9vgc2023regulationc-1850289755","p1":"taka9842","p2":"Idk544","format":"[Gen 9] VGC 2023 Regulation C","log":"|j|\u2606taka9842\n|j|\u2606Idk544\n|t:|1682311849\n|gametype|doubles\n|player|p1|taka9842|hiker-gen4|1409\n|player|p2|Idk544|silver|1336\n|teamsize|p1|6\n|teamsize|p2|6\n|gen|9\n|tier|[Gen 9] VGC 2023 Regulation C\n|rated|\n|rule|Species Clause: Limit one of each Pok\u00e9mon\n|rule|Item Clause: Limit one of each item\n|clearpoke\n|poke|p1|Flutter Mane, L50|\n|poke|p1|Amoonguss, L50, M|\n|poke|p1|Kingambit, L50, M|\n|poke|p1|Talonflame, L50, M|\n|poke|p1|Garchomp, L50, M|\n|poke|p1|Iron Bundle, L50|\n|poke|p2|Orthworm, L50, M|\n|poke|p2|Iron Hands, L50|\n|poke|p2|Flutter Mane, L50|\n|poke|p2|Gholdengo, L50|\n|poke|p2|Gyarados, L50, M|\n|poke|p2|Ting-Lu, L50|\n|teampreview|4\nIdk544 has agreed to open team sheets.\n|inactive|Battle timer is ON: inactive players will automatically lose when time's up. (requested by Idk544)\n|inactive|taka9842 has 60 seconds left.\n|inactive|Idk544 has 60 seconds left.\ntaka9842 has agreed to open team sheets.\n|\n|t:|1682311918\n|start\n|switch|p1a: Talonflame|Talonflame, L50, M|100\/100\n|switch|p1b: Iron Bundle|Iron Bundle, L50|100\/100\n|switch|p2a: Iron Hands|Iron Hands, L50|100\/100\n|switch|p2b: Orthworm|Orthworm, L50, M|100\/100\n|-enditem|p1b: Iron Bundle|Booster Energy\n|-activate|p1b: Iron Bundle|ability: Quark Drive|[fromitem]\n|-start|p1b: Iron Bundle|quarkdrivespe\n|turn|1\n|inactive|Idk544 has 30 seconds left.\n|\n|t:|1682311947\n|move|p1b: Iron Bundle|Protect|p1b: Iron Bundle\n|-singleturn|p1b: Iron Bundle|Protect\n|move|p2a: Iron Hands|Fake Out|p1a: Talonflame\n|-damage|p1a: Talonflame|76\/100\n|move|p1a: Talonflame|Taunt|p2b: Orthworm\n|-start|p2b: Orthworm|move: Taunt\n|cant|p2b: Orthworm|move: Taunt|Shed Tail\n|\n|upkeep\n|turn|2\n|inactive|taka9842 has 30 seconds left.\n|\n|t:|1682311974\n|switch|p2b: Gyarados|Gyarados, L50, M|100\/100\n|-ability|p2b: Gyarados|Intimidate|boost\n|-unboost|p1a: Talonflame|atk|1\n|-unboost|p1b: Iron Bundle|atk|1\n|move|p1b: Iron Bundle|Hydro Pump|p2b: Gyarados\n|-resisted|p2b: Gyarados\n|-damage|p2b: Gyarados|70\/100\n|move|p1a: Talonflame|Will-O-Wisp|p2a: Iron Hands\n|-status|p2a: Iron Hands|brn\n|move|p2a: Iron Hands|Drain Punch|p1b: Iron Bundle\n|-supereffective|p1b: Iron Bundle\n|-damage|p1b: Iron Bundle|50\/100\n|\n|-damage|p2a: Iron Hands|94\/100 brn|[from] brn\n|upkeep\n|turn|3\n|inactive|Idk544 has 30 seconds left.\n|\n|t:|1682312002\n|move|p1b: Iron Bundle|Protect|p1b: Iron Bundle\n|-singleturn|p1b: Iron Bundle|Protect\n|move|p2b: Gyarados|Protect|p2b: Gyarados\n|-singleturn|p2b: Gyarados|Protect\n|move|p1a: Talonflame|Brave Bird|p2a: Iron Hands\n|-damage|p2a: Iron Hands|74\/100 brn\n|-damage|p1a: Talonflame|65\/100|[from] Recoil\n|move|p2a: Iron Hands|Wild Charge|p1b: Iron Bundle\n|-activate|p1b: Iron Bundle|move: Protect\n|\n|-damage|p2a: Iron Hands|68\/100 brn|[from] brn\n|upkeep\n|turn|4\n|\n|t:|1682312026\n|switch|p2b: Orthworm|Orthworm, L50, M|100\/100\n|move|p1b: Iron Bundle|Hydro Pump|p2a: Iron Hands\n|-damage|p2a: Iron Hands|36\/100 brn\n|move|p1a: Talonflame|Brave Bird|p2a: Iron Hands\n|-damage|p2a: Iron Hands|15\/100 brn\n|-damage|p1a: Talonflame|54\/100|[from] Recoil\n|move|p2a: Iron Hands|Drain Punch|p1b: Iron Bundle\n|-supereffective|p1b: Iron Bundle\n|-damage|p1b: Iron Bundle|0 fnt\n|-heal|p2a: Iron Hands|28\/100 brn|[from] drain|[of] p1b: Iron Bundle\n|faint|p1b: Iron Bundle\n|-end|p1b: Iron Bundle|Quark Drive|[silent]\n|\n|-damage|p2a: Iron Hands|22\/100 brn|[from] brn\n|upkeep\n|\n|t:|1682312037\n|switch|p1b: Flutter Mane|Flutter Mane, L50|100\/100\n|turn|5\n|inactive|taka9842 has 30 seconds left.\n|\n|t:|1682312068\n|-end|p2a: Iron Hands|Quark Drive|[silent]\n|switch|p2a: Gyarados|Gyarados, L50, M|70\/100\n|-ability|p2a: Gyarados|Intimidate|boost\n|-unboost|p1a: Talonflame|atk|1\n|-unboost|p1b: Flutter Mane|atk|1\n|-terastallize|p1b: Flutter Mane|Fairy\n|move|p1a: Talonflame|Will-O-Wisp|p2b: Orthworm\n|-status|p2b: Orthworm|brn\n|move|p1b: Flutter Mane|Dazzling Gleam|p2a: Gyarados|[spread] p2a,p2b\n|-resisted|p2b: Orthworm\n|-damage|p2a: Gyarados|2\/100\n|-damage|p2b: Orthworm|66\/100 brn\n|move|p2b: Orthworm|Heavy Slam|p1b: Flutter Mane\n|-supereffective|p1b: Flutter Mane\n|-damage|p1b: Flutter Mane|38\/100\n|\n|-damage|p2b: Orthworm|60\/100 brn|[from] brn\n|upkeep\n|turn|6\n|\n|t:|1682312091\n|move|p2a: Gyarados|Protect|p2a: Gyarados\n|-singleturn|p2a: Gyarados|Protect\n|move|p1a: Talonflame|Brave Bird|p2a: Gyarados\n|-activate|p2a: Gyarados|move: Protect\n|move|p1b: Flutter Mane|Dazzling Gleam|p2b: Orthworm|[spread] p2b\n|-activate|p2a: Gyarados|move: Protect\n|-resisted|p2b: Orthworm\n|-damage|p2b: Orthworm|27\/100 brn\n|-enditem|p2b: Orthworm|Sitrus Berry|[eat]\n|-heal|p2b: Orthworm|52\/100 brn|[from] item: Sitrus Berry\n|move|p2b: Orthworm|Heavy Slam|p1b: Flutter Mane\n|-supereffective|p1b: Flutter Mane\n|-damage|p1b: Flutter Mane|0 fnt\n|faint|p1b: Flutter Mane\n|-end|p1b: Flutter Mane|Protosynthesis|[silent]\n|\n|-damage|p2b: Orthworm|46\/100 brn|[from] brn\n|upkeep\n|\n|t:|1682312096\n|switch|p1b: Kingambit|Kingambit, L50, M|100\/100\n|turn|7\n|inactive|Idk544 has 30 seconds left.\n|inactive|Idk544 has 20 seconds left.\n|\n|t:|1682312135\n|move|p2b: Orthworm|Protect|p2b: Orthworm\n|-singleturn|p2b: Orthworm|Protect\n|move|p1a: Talonflame|Brave Bird|p2b: Orthworm\n|-activate|p2b: Orthworm|move: Protect\n|move|p2a: Gyarados|Waterfall|p1a: Talonflame\n|-supereffective|p1a: Talonflame\n|-damage|p1a: Talonflame|0 fnt\n|faint|p1a: Talonflame\n|move|p1b: Kingambit|Assurance|p2b: Orthworm\n|-activate|p2b: Orthworm|move: Protect\n|\n|-damage|p2b: Orthworm|40\/100 brn|[from] brn\n|upkeep\n|turn|8\n|\n|t:|1682312154\n|move|p2a: Gyarados|Bulldoze|p1b: Kingambit|[spread] p1b\n|-heal|p2b: Orthworm|65\/100 brn|[from] ability: Earth Eater|[of] p2a: Gyarados\n|-supereffective|p1b: Kingambit\n|-damage|p1b: Kingambit|76\/100\n|-unboost|p1b: Kingambit|spe|1\n|-ability|p1b: Kingambit|Defiant|boost\n|-boost|p1b: Kingambit|atk|2\n|move|p2b: Orthworm|Shed Tail|p2b: Orthworm\n|-start|p2b: Orthworm|Substitute|[from] move: Shed Tail\n|-damage|p2b: Orthworm|15\/100 brn\n|\n|t:|1682312166\n|switch|p2b: Iron Hands|Iron Hands, L50|22\/100 brn|[from] Shed Tail\n|move|p1b: Kingambit|Assurance|p2b: Iron Hands\n|-resisted|p2b: Iron Hands\n|-end|p2b: Iron Hands|Substitute\n|\n|-damage|p2b: Iron Hands|16\/100 brn|[from] brn\n|upkeep\n|turn|9\n|\n|t:|1682312180\n|move|p2b: Iron Hands|Fake Out|p1b: Kingambit\n|-resisted|p1b: Kingambit\n|-crit|p1b: Kingambit\n|-damage|p1b: Kingambit|72\/100\n|cant|p1b: Kingambit|flinch\n|move|p2a: Gyarados|Waterfall|p1b: Kingambit\n|-damage|p1b: Kingambit|35\/100\n|\n|-damage|p2b: Iron Hands|10\/100 brn|[from] brn\n|upkeep\n|turn|10\n|\n|t:|1682312196\n|move|p1b: Kingambit|Sucker Punch|p2b: Iron Hands\n|-resisted|p2b: Iron Hands\n|-damage|p2b: Iron Hands|0 fnt\n|faint|p2b: Iron Hands\n|-end|p2b: Iron Hands|Quark Drive|[silent]\n|move|p2a: Gyarados|Waterfall|p1b: Kingambit\n|-damage|p1b: Kingambit|1\/100\n|\n|upkeep\n|\n|t:|1682312206\n|switch|p2b: Flutter Mane|Flutter Mane, L50|100\/100\n|turn|11\n|\n|t:|1682312215\n|-terastallize|p2b: Flutter Mane|Fairy\n|move|p1b: Kingambit|Sucker Punch|p2b: Flutter Mane\n|-resisted|p2b: Flutter Mane\n|-damage|p2b: Flutter Mane|17\/100\n|move|p2b: Flutter Mane|Moonblast|p1b: Kingambit\n|-damage|p1b: Kingambit|0 fnt\n|faint|p1b: Kingambit\n|\n|win|Idk544\n|raw|taka9842's rating: 1409 → 1385<\/strong> (-24 for losing)\n|raw|Idk544's rating: 1336 → 1360<\/strong> (+24 for winning)\n|l|\u2606taka9842\n","uploadtime":1682312226,"views":25,"p1id":"taka9842","p2id":"idk544","formatid":"gen9vgc2023regulationc","rating":1360,"private":0,"password":""}