{"id":"gen9vgc2023regulationc-1845123448","p1":"ShadowFlameDragn","p2":"ActualMagister","format":"[Gen 9] VGC 2023 Regulation C","log":"|j|\u2606ShadowFlameDragn\n|j|\u2606ActualMagister\n|t:|1681686295\n|gametype|doubles\n|player|p1|ShadowFlameDragn|hilbert|1275\n|player|p2|ActualMagister|giovanni|1167\n|teamsize|p1|6\n|teamsize|p2|6\n|gen|9\n|tier|[Gen 9] VGC 2023 Regulation C\n|rated|\n|rule|Species Clause: Limit one of each Pok\u00e9mon\n|rule|Item Clause: Limit one of each item\n|clearpoke\n|poke|p1|Dragonite, L50, M|\n|poke|p1|Tinkaton, L50, F|\n|poke|p1|Chi-Yu, L50|\n|poke|p1|Iron Bundle, L50|\n|poke|p1|Maushold, L50|\n|poke|p1|Annihilape, L50, M|\n|poke|p2|Tyranitar, L50, M|\n|poke|p2|Gyarados, L50, F|\n|poke|p2|Garganacl, L50, M|\n|poke|p2|Flutter Mane, L50|\n|poke|p2|Glimmora, L50, F|\n|poke|p2|Brute Bonnet, L50|\n|teampreview|4\n|c|\u2606ShadowFlameDragn|glhf!\nShadowFlameDragn has agreed to open team sheets.\n|c|\u2606ActualMagister|u2!\nActualMagister has agreed to open team sheets.\n|inactive|Battle timer is ON: inactive players will automatically lose when time's up. (requested by ActualMagister)\n|inactive|ShadowFlameDragn has 60 seconds left.\n|\n|t:|1681686388\n|start\n|switch|p1a: Dragonite|Dragonite, L50, M|100\/100\n|switch|p1b: Tinkaton|Tinkaton, L50, F|100\/100\n|switch|p2a: Tyranitar|Tyranitar, L50, M, shiny|100\/100\n|switch|p2b: Glimmora|Glimmora, L50, F, shiny|100\/100\n|-item|p2b: Glimmora|Air Balloon\n|-ability|p1b: Tinkaton|Mold Breaker\n|-weather|Sandstorm|[from] ability: Sand Stream|[of] p2a: Tyranitar\n|turn|1\n|inactive|ShadowFlameDragn has 30 seconds left.\n|inactive|ShadowFlameDragn has 20 seconds left.\n|\n|t:|1681686424\n|move|p1b: Tinkaton|Fake Out|p2a: Tyranitar\n|-resisted|p2a: Tyranitar\n|-damage|p2a: Tyranitar|96\/100\n|move|p2b: Glimmora|Reflect|p2b: Glimmora\n|-sidestart|p2: ActualMagister|Reflect\n|move|p1a: Dragonite|Safeguard|p1a: Dragonite\n|-sidestart|p1: ShadowFlameDragn|Safeguard\n|cant|p2a: Tyranitar|flinch\n|\n|-weather|Sandstorm|[upkeep]\n|-damage|p1a: Dragonite|95\/100|[from] Sandstorm\n|upkeep\n|turn|2\n|inactive|ShadowFlameDragn has 30 seconds left.\n|inactive|ShadowFlameDragn has 20 seconds left.\n|inactive|ShadowFlameDragn has 15 seconds left.\n|inactive|ShadowFlameDragn has 10 seconds left.\n|\n|t:|1681686469\n|move|p2b: Glimmora|Power Gem|p1a: Dragonite\n|-supereffective|p1a: Dragonite\n|-damage|p1a: Dragonite|13\/100\n|-enditem|p1a: Dragonite|Weakness Policy\n|-boost|p1a: Dragonite|atk|2|[from] item: Weakness Policy\n|-boost|p1a: Dragonite|spa|2|[from] item: Weakness Policy\n|move|p1b: Tinkaton|Gigaton Hammer|p2a: Tyranitar\n|-supereffective|p2a: Tyranitar\n|-damage|p2a: Tyranitar|25\/100\n|move|p1a: Dragonite|Tailwind|p1a: Dragonite\n|-sidestart|p1: ShadowFlameDragn|move: Tailwind\n|move|p2a: Tyranitar|Rock Slide|p1b: Tinkaton|[spread] p1a,p1b\n|-supereffective|p1a: Dragonite\n|-resisted|p1b: Tinkaton\n|-damage|p1a: Dragonite|0 fnt\n|-damage|p1b: Tinkaton|83\/100\n|faint|p1a: Dragonite\n|\n|-weather|Sandstorm|[upkeep]\n|upkeep\n|\n|t:|1681686485\n|switch|p1a: Annihilape|Annihilape, L50, M|100\/100\n|turn|3\n|\n|t:|1681686510\n|move|p2b: Glimmora|Spiky Shield|p2b: Glimmora\n|-singleturn|p2b: Glimmora|move: Protect\n|move|p1b: Tinkaton|Play Rough|p2a: Tyranitar\n|-supereffective|p2a: Tyranitar\n|-damage|p2a: Tyranitar|0 fnt\n|faint|p2a: Tyranitar\n|move|p1a: Annihilape|Bulk Up|p1a: Annihilape\n|-boost|p1a: Annihilape|atk|1\n|-boost|p1a: Annihilape|def|1\n|\n|-weather|Sandstorm|[upkeep]\n|-damage|p1a: Annihilape|95\/100|[from] Sandstorm\n|-heal|p1a: Annihilape|100\/100|[from] item: Leftovers\n|upkeep\n|\n|t:|1681686522\n|switch|p2a: Flutter Mane|Flutter Mane, L50, shiny|100\/100\n|-enditem|p2a: Flutter Mane|Booster Energy\n|-activate|p2a: Flutter Mane|ability: Protosynthesis|[fromitem]\n|-start|p2a: Flutter Mane|protosynthesisspa\n|turn|4\n|inactive|ShadowFlameDragn has 30 seconds left.\n|inactive|ShadowFlameDragn has 20 seconds left.\n|\n|t:|1681686560\n|-terastallize|p2a: Flutter Mane|Steel\n|move|p1a: Annihilape|Protect|p1a: Annihilape\n|-singleturn|p1a: Annihilape|Protect\n|move|p1b: Tinkaton|Gigaton Hammer|p2b: Glimmora\n|-supereffective|p2b: Glimmora\n|-damage|p2b: Glimmora|0 fnt\n|-activate|p2b: Glimmora|ability: Toxic Debris\n|-sidestart|p1: ShadowFlameDragn|move: Toxic Spikes\n|-enditem|p2b: Glimmora|Air Balloon\n|faint|p2b: Glimmora\n|move|p2a: Flutter Mane|Dazzling Gleam|p1a: Annihilape|[spread] p1b\n|-activate|p1a: Annihilape|move: Protect\n|-resisted|p1b: Tinkaton\n|-damage|p1b: Tinkaton|62\/100\n|\n|-weather|Sandstorm|[upkeep]\n|-damage|p1a: Annihilape|95\/100|[from] Sandstorm\n|-heal|p1a: Annihilape|100\/100|[from] item: Leftovers\n|upkeep\n|\n|t:|1681686577\n|switch|p2b: Garganacl|Garganacl, L50, M, shiny|100\/100\n|turn|5\n|\n|t:|1681686588\n|-terastallize|p1a: Annihilape|Fire\n|move|p1b: Tinkaton|Knock Off|p2b: Garganacl\n|-damage|p2b: Garganacl|90\/100\n|-enditem|p2b: Garganacl|Bright Powder|[from] move: Knock Off|[of] p1b: Tinkaton\n|move|p1a: Annihilape|Drain Punch|p2a: Flutter Mane\n|-supereffective|p2a: Flutter Mane\n|-damage|p2a: Flutter Mane|0 fnt\n|faint|p2a: Flutter Mane\n|-end|p2a: Flutter Mane|Protosynthesis|[silent]\n|move|p2b: Garganacl|Salt Cure|p1b: Tinkaton\n|-resisted|p1b: Tinkaton\n|-damage|p1b: Tinkaton|55\/100\n|-start|p1b: Tinkaton|Salt Cure\n|\n|-weather|none\n|-damage|p1b: Tinkaton|30\/100|[from] Salt Cure\n|-sideend|p2: ActualMagister|Reflect\n|-sideend|p1: ShadowFlameDragn|Safeguard\n|-sideend|p1: ShadowFlameDragn|move: Tailwind\n|upkeep\n|turn|6\n|inactive|ActualMagister has 30 seconds left.\n|\n|t:|1681686614\n|move|p1b: Tinkaton|Gigaton Hammer|p2b: Garganacl\n|-supereffective|p2b: Garganacl\n|-damage|p2b: Garganacl|11\/100\n|move|p1a: Annihilape|Drain Punch|p2b: Garganacl\n|-supereffective|p2b: Garganacl\n|-damage|p2b: Garganacl|0 fnt\n|faint|p2b: Garganacl\n|\n|win|ShadowFlameDragn\n|raw|ShadowFlameDragn's rating: 1275 → 1292<\/strong> (+17 for winning)\n|raw|ActualMagister's rating: 1167 → 1150<\/strong> (-17 for losing)\n|c|\u2606ShadowFlameDragn|ggs!\n|l|\u2606ActualMagister\n","uploadtime":1681686684,"views":14,"p1id":"shadowflamedragn","p2id":"actualmagister","formatid":"gen9vgc2023regulationc","rating":1150,"private":0,"password":""}