{"id":"gen9vgc2023regulationc-1860150966","p1":"PqlarBear","p2":"TechnoZ","format":"[Gen 9] VGC 2023 Regulation C","log":"|j|\u2606PqlarBear\n|j|\u2606TechnoZ\n|t:|1683601504\n|gametype|doubles\n|player|p1|PqlarBear|265|\n|player|p2|TechnoZ|shauntal|\n|teamsize|p1|6\n|teamsize|p2|6\n|gen|9\n|tier|[Gen 9] VGC 2023 Regulation C\n|rule|Species Clause: Limit one of each Pok\u00e9mon\n|rule|Item Clause: Limit one of each item\n|clearpoke\n|poke|p1|Flutter Mane, L50|\n|poke|p1|Chi-Yu, L50|\n|poke|p1|Palafin, L50, F|\n|poke|p1|Corviknight, L50, M|\n|poke|p1|Iron Hands, L50|\n|poke|p1|Amoonguss, L50, M|\n|poke|p2|Dondozo, L50, M|\n|poke|p2|Tatsugiri, L50, M|\n|poke|p2|Sylveon, L50, F|\n|poke|p2|Flutter Mane, L50|\n|poke|p2|Gholdengo, L50|\n|poke|p2|Wo-Chien, L50|\n|teampreview|4\nTechnoZ has agreed to open team sheets.\n|c|\u2606PqlarBear|G1\n|c|\u2606TechnoZ|g1\nPqlarBear has agreed to open team sheets.\n|j| baaaaat_\n|c|\u2606TechnoZ|glhf^^\n|j| tekagt\n|c|\u2606PqlarBear|glhf\n|j| Yoshiandlugia\n|j| Polpolpo\n|j| SeaSoil\n|j| WunderTusk\n|j|+Eeveon7\u2764\n|l| Polpolpo\n|j| ToastNoButter\n|j| Polpolpo\n|j| Chazzfan\n|l| ToastNoButter\n|j| SteelPupa\n|\n|t:|1683601756\n|start\n|switch|p1a: Palafin|Palafin, L50, F|100\/100\n|switch|p1b: Iron Hands|Iron Hands, L50|100\/100\n|switch|p2a: Justin Burns|Gholdengo, L50|100\/100\n|switch|p2b: Sejun|Flutter Mane, L50|100\/100\n|-enditem|p2b: Sejun|Booster Energy\n|-activate|p2b: Sejun|ability: Protosynthesis|[fromitem]\n|-start|p2b: Sejun|protosynthesisspe\n|turn|1\n|j| UberVylit\n|\n|t:|1683601821\n|-end|p2b: Sejun|Protosynthesis|[silent]\n|switch|p2b: Ashton|Wo-Chien, L50|100\/100\n|-ability|p2b: Ashton|Tablets of Ruin\n|move|p1a: Palafin|Wave Crash|p2a: Justin Burns\n|-damage|p2a: Justin Burns|70\/100\n|-damage|p1a: Palafin|91\/100|[from] Recoil\n|move|p2a: Justin Burns|Nasty Plot|p2a: Justin Burns\n|-boost|p2a: Justin Burns|spa|2\n|move|p1b: Iron Hands|Wild Charge|p2a: Justin Burns\n|-damage|p2a: Justin Burns|34\/100\n|-damage|p1b: Iron Hands|93\/100|[from] Recoil\n|\n|upkeep\n|turn|2\n|l| UberVylit\n|inactive|Battle timer is ON: inactive players will automatically lose when time's up. (requested by TechnoZ)\n|inactive|PqlarBear has 60 seconds left.\n|\n|t:|1683601936\n|detailschange|p1a: Palafin|Palafin-Hero, L50, F\n|switch|p1a: Amoonguss|Amoonguss, L50, M|100\/100\n|move|p2a: Justin Burns|Nasty Plot|p2a: Justin Burns\n|-boost|p2a: Justin Burns|spa|2\n|move|p2b: Ashton|Pollen Puff|p2a: Justin Burns\n|-heal|p2a: Justin Burns|84\/100\n|move|p1b: Iron Hands|Volt Switch|p2b: Ashton\n|-resisted|p2b: Ashton\n|-damage|p2b: Ashton|96\/100\n|\n|t:|1683601943\n|-end|p1b: Iron Hands|Quark Drive|[silent]\n|switch|p1b: Palafin|Palafin-Hero, L50, F|91\/100|[from] Volt Switch\n|-activate|p1b: Palafin|ability: Zero to Hero\n|\n|upkeep\n|turn|3\n|inactive|PqlarBear has 30 seconds left.\n|j| UberVylit\n|inactive|PqlarBear has 20 seconds left.\n|\n|t:|1683601983\n|move|p1b: Palafin|Protect|p1b: Palafin\n|-singleturn|p1b: Palafin|Protect\n|move|p2a: Justin Burns|Shadow Ball|p1b: Palafin\n|-activate|p1b: Palafin|move: Protect\n|move|p2b: Ashton|Foul Play|p1b: Palafin\n|-activate|p1b: Palafin|move: Protect\n|move|p1a: Amoonguss|Pollen Puff|p2b: Ashton\n|-supereffective|p2b: Ashton\n|-damage|p2b: Ashton|55\/100\n|\n|upkeep\n|turn|4\n|inactive|PqlarBear has 30 seconds left.\n|inactive|TechnoZ has 30 seconds left.\n|inactive|PqlarBear has 20 seconds left.\n|inactive|TechnoZ has 20 seconds left.\n|inactive|PqlarBear has 15 seconds left.\n|inactive|TechnoZ has 15 seconds left.\n|inactive|PqlarBear has 10 seconds left.\n|inactive|TechnoZ has 10 seconds left.\n|inactive|TechnoZ has 5 seconds left.\n|\n|t:|1683602034\n|switch|p1b: Iron Hands|Iron Hands, L50|93\/100\n|-terastallize|p2a: Justin Burns|Water\n|move|p2a: Justin Burns|Shadow Ball|p1b: Iron Hands\n|-damage|p1b: Iron Hands|26\/100\n|move|p2b: Ashton|Foul Play|p1b: Iron Hands\n|-resisted|p1b: Iron Hands\n|-damage|p1b: Iron Hands|9\/100\n|move|p1a: Amoonguss|Pollen Puff|p1b: Iron Hands\n|-heal|p1b: Iron Hands|58\/100\n|\n|upkeep\n|turn|5\n|inactive|PqlarBear has 30 seconds left.\n|\n|t:|1683602063\n|move|p1b: Iron Hands|Fake Out|p2a: Justin Burns\n|-damage|p2a: Justin Burns|73\/100\n|cant|p2a: Justin Burns|flinch\n|move|p2b: Ashton|Leech Seed|p1b: Iron Hands\n|-start|p1b: Iron Hands|move: Leech Seed\n|move|p1a: Amoonguss|Pollen Puff|p1b: Iron Hands\n|-heal|p1b: Iron Hands|100\/100\n|\n|-damage|p1b: Iron Hands|88\/100|[from] Leech Seed|[of] p2b: Ashton\n|-heal|p2b: Ashton|70\/100|[silent]\n|upkeep\n|turn|6\n|inactive|PqlarBear has 30 seconds left.\n|\n|t:|1683602092\n|move|p2a: Justin Burns|Protect|p2a: Justin Burns\n|-singleturn|p2a: Justin Burns|Protect\n|move|p2b: Ashton|Protect|p2b: Ashton\n|-singleturn|p2b: Ashton|Protect\n|move|p1a: Amoonguss|Rage Powder|p1a: Amoonguss\n|-singleturn|p1a: Amoonguss|move: Rage Powder\n|move|p1b: Iron Hands|Wild Charge|p2a: Justin Burns\n|-activate|p2a: Justin Burns|move: Protect\n|\n|-damage|p1b: Iron Hands|76\/100|[from] Leech Seed|[of] p2b: Ashton\n|-heal|p2b: Ashton|85\/100|[silent]\n|upkeep\n|turn|7\n|\n|t:|1683602115\n|move|p1a: Amoonguss|Rage Powder|p1a: Amoonguss\n|-singleturn|p1a: Amoonguss|move: Rage Powder\n|move|p2a: Justin Burns|Shadow Ball|p1a: Amoonguss\n|-crit|p1a: Amoonguss\n|-damage|p1a: Amoonguss|0 fnt\n|faint|p1a: Amoonguss\n|move|p2b: Ashton|Pollen Puff|p2a: Justin Burns\n|-heal|p2a: Justin Burns|100\/100\n|move|p1b: Iron Hands|Wild Charge|p2a: Justin Burns\n|-supereffective|p2a: Justin Burns\n|-damage|p2a: Justin Burns|25\/100\n|-damage|p1b: Iron Hands|60\/100|[from] Recoil\n|\n|-damage|p1b: Iron Hands|48\/100|[from] Leech Seed|[of] p2b: Ashton\n|-heal|p2b: Ashton|99\/100|[silent]\n|upkeep\n|inactive|PqlarBear has 30 seconds left.\n|inactive|PqlarBear has 20 seconds left.\n|inactive|PqlarBear has 15 seconds left.\n|inactive|PqlarBear has 10 seconds left.\n|\n|t:|1683602161\n|switch|p1a: Flutter Mane|Flutter Mane, L50|100\/100\n|-enditem|p1a: Flutter Mane|Booster Energy\n|-activate|p1a: Flutter Mane|ability: Protosynthesis|[fromitem]\n|-start|p1a: Flutter Mane|protosynthesisspa\n|turn|8\n|inactive|TechnoZ has 30 seconds left.\n|\n|t:|1683602190\n|-end|p1b: Iron Hands|Quark Drive|[silent]\n|switch|p1b: Palafin|Palafin-Hero, L50, F|91\/100\n|move|p2b: Ashton|Protect|p2b: Ashton\n|-singleturn|p2b: Ashton|Protect\n|move|p1a: Flutter Mane|Dazzling Gleam|p2b: Ashton|[spread] p2a\n|-activate|p2b: Ashton|move: Protect\n|-damage|p2a: Justin Burns|0 fnt\n|faint|p2a: Justin Burns\n|\n|upkeep\n|\n|t:|1683602201\n|switch|p2a: Enosh|Tatsugiri, L50, M|100\/100\n|turn|9\n|inactive|PqlarBear has 30 seconds left.\n|inactive|PqlarBear has 20 seconds left.\n|inactive|PqlarBear has 15 seconds left.\n|inactive|PqlarBear has 10 seconds left.\n|inactive|PqlarBear has 5 seconds left.\n|\n|t:|1683602251\n|-terastallize|p1a: Flutter Mane|Fairy\n|move|p2a: Enosh|Protect|p2a: Enosh\n|-singleturn|p2a: Enosh|Protect\n|move|p1a: Flutter Mane|Moonblast|p2b: Ashton\n|-supereffective|p2b: Ashton\n|-damage|p2b: Ashton|6\/100\n|-enditem|p2b: Ashton|Aguav Berry|[eat]\n|-heal|p2b: Ashton|40\/100|[from] item: Aguav Berry\n|move|p1b: Palafin|Wave Crash|p2b: Ashton\n|-resisted|p2b: Ashton\n|-damage|p2b: Ashton|11\/100\n|-damage|p1b: Palafin|82\/100|[from] Recoil\n|move|p2b: Ashton|Leech Seed|p1a: Flutter Mane\n|-start|p1a: Flutter Mane|move: Leech Seed\n|\n|-damage|p1a: Flutter Mane|88\/100|[from] Leech Seed|[of] p2b: Ashton\n|-heal|p2b: Ashton|22\/100|[silent]\n|upkeep\n|turn|10\n|\n|t:|1683602271\n|move|p2a: Enosh|Protect||[still]\n|-fail|p2a: Enosh\n|move|p2b: Ashton|Protect|p2b: Ashton\n|-singleturn|p2b: Ashton|Protect\n|move|p1b: Palafin|Jet Punch|p2a: Enosh\n|-resisted|p2a: Enosh\n|-damage|p2a: Enosh|87\/100\n|move|p1a: Flutter Mane|Dazzling Gleam|p2b: Ashton|[spread] p2a\n|-activate|p2b: Ashton|move: Protect\n|-supereffective|p2a: Enosh\n|-damage|p2a: Enosh|0 fnt\n|faint|p2a: Enosh\n|\n|-damage|p1a: Flutter Mane|76\/100|[from] Leech Seed|[of] p2b: Ashton\n|-heal|p2b: Ashton|32\/100|[silent]\n|upkeep\n|\n|t:|1683602274\n|switch|p2a: Sejun|Flutter Mane, L50|100\/100\n|turn|11\n|inactive|PqlarBear has 30 seconds left.\n|\n|t:|1683602299\n|move|p2a: Sejun|Protect|p2a: Sejun\n|-singleturn|p2a: Sejun|Protect\n|move|p2b: Ashton|Protect|p2b: Ashton\n|-singleturn|p2b: Ashton|Protect\n|move|p1a: Flutter Mane|Dazzling Gleam|p2b: Ashton|[spread] \n|-activate|p2a: Sejun|move: Protect\n|-activate|p2b: Ashton|move: Protect\n|move|p1b: Palafin|Wave Crash|p2a: Sejun\n|-activate|p2a: Sejun|move: Protect\n|\n|-damage|p1a: Flutter Mane|63\/100|[from] Leech Seed|[of] p2b: Ashton\n|-heal|p2b: Ashton|43\/100|[silent]\n|upkeep\n|turn|12\n|\n|t:|1683602321\n|move|p2a: Sejun|Moonblast|p1a: Flutter Mane\n|-damage|p1a: Flutter Mane|21\/100\n|-unboost|p1a: Flutter Mane|spa|1\n|move|p1a: Flutter Mane|Moonblast|p2b: Ashton\n|-supereffective|p2b: Ashton\n|-damage|p2b: Ashton|0 fnt\n|faint|p2b: Ashton\n|move|p1b: Palafin|Wave Crash|p2a: Sejun\n|-damage|p2a: Sejun|0 fnt\n|faint|p2a: Sejun\n|-end|p2a: Sejun|Protosynthesis|[silent]\n|-damage|p1b: Palafin|60\/100|[from] Recoil\n|\n|win|PqlarBear\n|c|\u2606TechnoZ|gg wp\n|c|\u2606PqlarBear|gg\n|l| SteelPupa\n|l|+Eeveon7\u2764\n|j| WillE_VGC\n|l| Yoshiandlugia\n|l| Chazzfan\n|l| tekagt\n","uploadtime":1683602330,"views":55,"p1id":"pqlarbear","p2id":"technoz","formatid":"gen9vgc2023regulationc","rating":0,"private":0,"password":""}