{"id":"gen9vgc2023regulationc-1862329861","p1":"LegendBtw","p2":"Vicburgos","format":"[Gen 9] VGC 2023 Regulation C","log":"|j|\u2606LegendBtw\n|j|\u2606Vicburgos\n|t:|1683866875\n|gametype|doubles\n|player|p1|LegendBtw|red-gen1|1346\n|player|p2|Vicburgos|1|1336\n|teamsize|p1|6\n|teamsize|p2|6\n|gen|9\n|tier|[Gen 9] VGC 2023 Regulation C\n|rated|\n|rule|Species Clause: Limit one of each Pok\u00e9mon\n|rule|Item Clause: Limit one of each item\n|clearpoke\n|poke|p1|Amoonguss, L50, F|\n|poke|p1|Ting-Lu, L50|\n|poke|p1|Arcanine, L50, M|\n|poke|p1|Palafin, L50, F|\n|poke|p1|Flutter Mane, L50|\n|poke|p1|Chien-Pao, L50|\n|poke|p2|Grimmsnarl, L50, M|\n|poke|p2|Vaporeon, L50, M|\n|poke|p2|Goodra, L50, M|\n|poke|p2|Dondozo, L50, M|\n|poke|p2|Tatsugiri, L50, M|\n|poke|p2|Annihilape, L50, M|\n|teampreview|4\n|inactive|Battle timer is ON: inactive players will automatically lose when time's up. (requested by LegendBtw)\n|inactive|Vicburgos has 60 seconds left.\n|inactive|Vicburgos has 30 seconds left.\n|\n|t:|1683866946\n|start\n|switch|p1a: Flutter Mane|Flutter Mane, L50|100\/100\n|switch|p1b: Palafin|Palafin, L50, F|100\/100\n|switch|p2a: Grimmsnarl|Grimmsnarl, L50, M|100\/100\n|switch|p2b: Vaporeon|Vaporeon, L50, M|100\/100\n|turn|1\n|\n|t:|1683866964\n|detailschange|p1b: Palafin|Palafin-Hero, L50, F\n|switch|p1b: Amoonguss|Amoonguss, L50, F|100\/100\n|-terastallize|p1a: Flutter Mane|Fairy\n|-terastallize|p2a: Grimmsnarl|Fire\n|move|p1a: Flutter Mane|Dazzling Gleam|p2b: Vaporeon|[spread] p2a,p2b\n|-resisted|p2a: Grimmsnarl\n|-damage|p2a: Grimmsnarl|73\/100\n|-damage|p2b: Vaporeon|49\/100\n|move|p2b: Vaporeon|Muddy Water|p1b: Amoonguss|[spread] p1a,p1b\n|-resisted|p1b: Amoonguss\n|-damage|p1a: Flutter Mane|75\/100\n|-damage|p1b: Amoonguss|88\/100\n|move|p2a: Grimmsnarl|Spirit Break|p1a: Flutter Mane\n|-damage|p1a: Flutter Mane|31\/100\n|-unboost|p1a: Flutter Mane|spa|1\n|\n|upkeep\n|turn|2\n|inactive|LegendBtw has 30 seconds left.\n|\n|t:|1683866992\n|-end|p1a: Flutter Mane|Protosynthesis|[silent]\n|switch|p1a: Palafin|Palafin-Hero, L50, F|100\/100\n|-activate|p1a: Palafin|ability: Zero to Hero\n|move|p2a: Grimmsnarl|Misty Terrain|p2a: Grimmsnarl\n|-fieldstart|move: Misty Terrain\n|move|p2b: Vaporeon|Muddy Water|p1a: Palafin|[spread] p1b\n|-miss|p2b: Vaporeon|p1a: Palafin\n|-resisted|p1b: Amoonguss\n|-damage|p1b: Amoonguss|75\/100\n|move|p1b: Amoonguss|Spore|p2b: Vaporeon\n|-activate|p2b: Vaporeon|move: Misty Terrain\n|\n|upkeep\n|turn|3\n|\n|t:|1683867011\n|switch|p2a: Goodra|Goodra, L50, M|100\/100\n|move|p1a: Palafin|Wave Crash|p2a: Goodra\n|-resisted|p2a: Goodra\n|-crit|p2a: Goodra\n|-damage|p2a: Goodra|41\/100\n|-damage|p1a: Palafin|81\/100|[from] Recoil\n|move|p2b: Vaporeon|Ice Beam|p1b: Amoonguss\n|-supereffective|p1b: Amoonguss\n|-damage|p1b: Amoonguss|31\/100\n|-enditem|p1b: Amoonguss|Sitrus Berry|[eat]\n|-heal|p1b: Amoonguss|56\/100|[from] item: Sitrus Berry\n|move|p1b: Amoonguss|Leaf Storm|p2a: Goodra\n|-ability|p2a: Goodra|Sap Sipper|boost\n|-boost|p2a: Goodra|atk|1\n|\n|upkeep\n|turn|4\n|\n|t:|1683867027\n|switch|p1b: Chien-Pao|Chien-Pao, L50|100\/100\n|-ability|p1b: Chien-Pao|Sword of Ruin\n|move|p1a: Palafin|Wave Crash|p2a: Goodra\n|-resisted|p2a: Goodra\n|-damage|p2a: Goodra|0 fnt\n|faint|p2a: Goodra\n|-damage|p1a: Palafin|69\/100|[from] Recoil\n|move|p2b: Vaporeon|Muddy Water|p1a: Palafin|[spread] p1a,p1b\n|-resisted|p1a: Palafin\n|-damage|p1a: Palafin|55\/100\n|-damage|p1b: Chien-Pao|60\/100\n|-unboost|p1a: Palafin|accuracy|1\n|\n|upkeep\n|\n|t:|1683867041\n|switch|p2a: Annihilape|Annihilape, L50, M|100\/100\n|turn|5\n|\n|t:|1683867053\n|move|p1b: Chien-Pao|Ice Spinner|p2a: Annihilape\n|-damage|p2a: Annihilape|49\/100\n|-fieldend|Misty Terrain\n|move|p1a: Palafin|Wave Crash|p2a: Annihilape\n|-damage|p2a: Annihilape|0 fnt\n|faint|p2a: Annihilape\n|-damage|p1a: Palafin|38\/100|[from] Recoil\n|move|p2b: Vaporeon|Muddy Water|p1a: Palafin|[spread] p1b\n|-miss|p2b: Vaporeon|p1a: Palafin\n|-damage|p1b: Chien-Pao|21\/100\n|\n|upkeep\n|-message|Vicburgos forfeited.\n|\n|win|LegendBtw\n|raw|LegendBtw's rating: 1346 → 1365<\/strong> (+19 for winning)\n|raw|Vicburgos's rating: 1336 → 1317<\/strong> (-19 for losing)\n|l|\u2606Vicburgos\n","uploadtime":1683867067,"views":15,"p1id":"legendbtw","p2id":"vicburgos","formatid":"gen9vgc2023regulationc","rating":1317,"private":0,"password":""}