{"id":"gen9vgc2023regulationc-1845950986","p1":"4uzz","p2":"Ricardo Randorez","format":"[Gen 9] VGC 2023 Regulation C","log":"|j|\u26064uzz\n|j|\u2606Ricardo Randorez\n|t:|1681782988\n|gametype|doubles\n|player|p1|4uzz|crasherwake|1164\n|player|p2|Ricardo Randorez|169|1153\n|teamsize|p1|6\n|teamsize|p2|6\n|gen|9\n|tier|[Gen 9] VGC 2023 Regulation C\n|rated|\n|rule|Species Clause: Limit one of each Pok\u00e9mon\n|rule|Item Clause: Limit one of each item\n|clearpoke\n|poke|p1|Lilligant, L50, F|\n|poke|p1|Torkoal, L50, M|\n|poke|p1|Flutter Mane, L50|\n|poke|p1|Dragonite, L50, M|\n|poke|p1|Great Tusk, L50|\n|poke|p1|Iron Hands, L50|\n|poke|p2|Gyarados, L50, M|\n|poke|p2|Arcanine, L50, M|\n|poke|p2|Dragonite, L50, M|\n|poke|p2|Flutter Mane, L50|\n|poke|p2|Volcarona, L50, F|\n|poke|p2|Chien-Pao, L50|\n|teampreview|4\n|inactive|Battle timer is ON: inactive players will automatically lose when time's up. (requested by 4uzz)\n|inactive|4uzz has 60 seconds left.\nRicardo Randorez has agreed to open team sheets.\n|\n|t:|1681783044\n|start\n|switch|p1a: Cardi D|Flutter Mane, L50|100\/100\n|switch|p1b: Weeeeee|Lilligant, L50, F|100\/100\n|switch|p2a: Gyarados|Gyarados, L50, M|100\/100\n|switch|p2b: Arcanine|Arcanine, L50, M|100\/100\n|-ability|p2b: Arcanine|Intimidate|boost\n|-unboost|p1a: Cardi D|atk|1\n|-unboost|p1b: Weeeeee|atk|1\n|-enditem|p1b: Weeeeee|White Herb\n|-clearnegativeboost|p1b: Weeeeee|[silent]\n|turn|1\n|c|\u2606Ricardo Randorez|Let\u2019s go pal\n|inactive|4uzz has 30 seconds left.\n|inactive|Ricardo Randorez has 30 seconds left.\n|\n|t:|1681783072\n|move|p2a: Gyarados|Protect|p2a: Gyarados\n|-singleturn|p2a: Gyarados|Protect\n|move|p1a: Cardi D|Shadow Ball|p2b: Arcanine\n|-damage|p2b: Arcanine|56\/100\n|move|p1b: Weeeeee|Sleep Powder|p2a: Gyarados\n|-activate|p2a: Gyarados|move: Protect\n|move|p2b: Arcanine|Snarl|p1a: Cardi D|[spread] p1a,p1b\n|-crit|p1a: Cardi D\n|-damage|p1a: Cardi D|91\/100\n|-damage|p1b: Weeeeee|89\/100\n|-unboost|p1a: Cardi D|spa|1\n|-unboost|p1b: Weeeeee|spa|1\n|\n|upkeep\n|turn|2\n|inactive|Ricardo Randorez has 30 seconds left.\n|\n|t:|1681783098\n|move|p1a: Cardi D|Shadow Ball|p2b: Arcanine\n|-damage|p2b: Arcanine|27\/100\n|move|p1b: Weeeeee|Leaf Storm|p2b: Arcanine|[miss]\n|-miss|p1b: Weeeeee|p2b: Arcanine\n|move|p2b: Arcanine|Flare Blitz|p1b: Weeeeee\n|-supereffective|p1b: Weeeeee\n|-damage|p1b: Weeeeee|0 fnt\n|faint|p1b: Weeeeee\n|-damage|p2b: Arcanine|1\/100|[from] Recoil\n|move|p2a: Gyarados|Dragon Dance|p2a: Gyarados\n|-boost|p2a: Gyarados|atk|1\n|-boost|p2a: Gyarados|spe|1\n|\n|upkeep\n|\n|t:|1681783113\n|switch|p1b: WENAW|Iron Hands, L50|100\/100\n|turn|3\n|\n|t:|1681783137\n|move|p2a: Gyarados|Protect|p2a: Gyarados\n|-singleturn|p2a: Gyarados|Protect\n|move|p2b: Arcanine|Extreme Speed|p1b: WENAW\n|-damage|p1b: WENAW|84\/100\n|move|p1a: Cardi D|Dazzling Gleam|p2b: Arcanine|[spread] p2b\n|-activate|p2a: Gyarados|move: Protect\n|-resisted|p2b: Arcanine\n|-damage|p2b: Arcanine|0 fnt\n|faint|p2b: Arcanine\n|move|p1b: WENAW|Wild Charge|p2a: Gyarados\n|-activate|p2a: Gyarados|move: Protect\n|\n|upkeep\n|\n|t:|1681783153\n|switch|p2b: Flutter Mane|Flutter Mane, L50|100\/100\n|-enditem|p2b: Flutter Mane|Booster Energy\n|-activate|p2b: Flutter Mane|ability: Protosynthesis|[fromitem]\n|-start|p2b: Flutter Mane|protosynthesisspe\n|turn|4\n|inactive|Ricardo Randorez has 30 seconds left.\n|inactive|Ricardo Randorez has 20 seconds left.\n|inactive|Ricardo Randorez has 15 seconds left.\n|\n|t:|1681783194\n|-terastallize|p1b: WENAW|Flying\n|move|p1a: Cardi D|Protect|p1a: Cardi D\n|-singleturn|p1a: Cardi D|Protect\n|move|p2b: Flutter Mane|Shadow Ball|p1a: Cardi D\n|-activate|p1a: Cardi D|move: Protect\n|move|p2a: Gyarados|Waterfall|p1b: WENAW\n|-crit|p1b: WENAW\n|-damage|p1b: WENAW|20\/100\n|move|p1b: WENAW|Wild Charge|p2a: Gyarados\n|-supereffective|p2a: Gyarados\n|-damage|p2a: Gyarados|0 fnt\n|faint|p2a: Gyarados\n|-damage|p1b: WENAW|0 fnt|[from] Recoil\n|faint|p1b: WENAW\n|-end|p1b: WENAW|Quark Drive|[silent]\n|\n|upkeep\n|\n|t:|1681783210\n|switch|p2a: Dragonite|Dragonite, L50, M|100\/100\n|switch|p1b: Boaz|Great Tusk, L50|100\/100\n|turn|5\n|inactive|Ricardo Randorez has 30 seconds left.\n|inactive|Ricardo Randorez has 20 seconds left.\n|\n|t:|1681783247\n|-terastallize|p2b: Flutter Mane|Fairy\n|move|p2b: Flutter Mane|Shadow Ball|p1a: Cardi D\n|-supereffective|p1a: Cardi D\n|-damage|p1a: Cardi D|15\/100\n|-unboost|p1a: Cardi D|spd|1\n|move|p1b: Boaz|Ice Spinner|p2a: Dragonite\n|-supereffective|p2a: Dragonite\n|-damage|p2a: Dragonite|0 fnt\n|faint|p2a: Dragonite\n|move|p1a: Cardi D|Shadow Ball|p2b: Flutter Mane\n|-damage|p2b: Flutter Mane|70\/100\n|\n|upkeep\n|turn|6\n|\n|t:|1681783265\n|move|p2b: Flutter Mane|Moonblast|p1b: Boaz\n|-supereffective|p1b: Boaz\n|-damage|p1b: Boaz|0 fnt\n|faint|p1b: Boaz\n|-end|p1b: Boaz|Protosynthesis|[silent]\n|move|p1a: Cardi D|Shadow Ball|p2b: Flutter Mane\n|-damage|p2b: Flutter Mane|43\/100\n|\n|upkeep\n|turn|7\n|\n|t:|1681783275\n|move|p2b: Flutter Mane|Shadow Ball|p1a: Cardi D\n|-supereffective|p1a: Cardi D\n|-damage|p1a: Cardi D|0 fnt\n|faint|p1a: Cardi D\n|-end|p1a: Cardi D|Protosynthesis|[silent]\n|\n|win|Ricardo Randorez\n|raw|4uzz's rating: 1164 → 1138<\/strong> (-26 for losing)\n|raw|Ricardo Randorez's rating: 1153 → 1179<\/strong> (+26 for winning)\n|l|\u26064uzz\n","uploadtime":1681783285,"views":4,"p1id":"4uzz","p2id":"ricardorandorez","formatid":"gen9vgc2023regulationc","rating":1138,"private":0,"password":""}