{"id":"gen9vgc2023regulationc-1855339182","p1":"Eldegoss32","p2":"bigbadbirdvgc","format":"[Gen 9] VGC 2023 Regulation C","log":"|j|\u2606Eldegoss32\n|j|\u2606bigbadbirdvgc\n|t:|1682939699\n|gametype|doubles\n|player|p1|Eldegoss32|acetrainerf|\n|player|p2|bigbadbirdvgc|harlequin|\n|teamsize|p1|6\n|teamsize|p2|4\n|gen|9\n|tier|[Gen 9] VGC 2023 Regulation C\n|rated|Tournament battle\n|rule|Species Clause: Limit one of each Pok\u00e9mon\n|rule|Item Clause: Limit one of each item\n|clearpoke\n|poke|p1|Corviknight, L50, M|\n|poke|p1|Ting-Lu, L50|\n|poke|p1|Klefki, L50, F|\n|poke|p1|Iron Hands, L50|\n|poke|p1|Baxcalibur, L50, F|\n|poke|p1|Flutter Mane, L50|\n|poke|p2|Chi-Yu, L50|\n|poke|p2|Torkoal, L50, M|\n|poke|p2|Indeedee-F, L50, F|\n|poke|p2|Flutter Mane, L50|\n|teampreview|4\n|raw| Open Team Sheet for Eldegoss32<\/summary>Corviknight @ Safety Goggles Ability: Mirror Armor Level: 50 Tera Type: Fire - Bulk Up - Brave Bird - Body Press - Roost Ting-Lu @ Choice Band Ability: Vessel of Ruin Level: 50 Tera Type: Ground - Earthquake - Rock Slide - Heavy Slam - Stomping Tantrum Klefki @ Light Clay Ability: Prankster Level: 50 Tera Type: Water - Reflect - Light Screen - Thunder Wave - Dazzling Gleam Iron Hands @ Assault Vest Ability: Quark Drive Level: 50 Tera Type: Flying - Fake Out - Tera Blast - Drain Punch - Wild Charge Baxcalibur @ Loaded Dice Ability: Thermal Exchange Level: 50 Tera Type: Poison - Dragon Dance - Glaive Rush - Icicle Spear - Protect Flutter Mane @ Leftovers Ability: Protosynthesis Level: 50 Tera Type: Grass - Substitute - Calm Mind - Dazzling Gleam - Shadow Ball <\/details><\/div> Open Team Sheet for bigbadbirdvgc<\/summary>Chi-Yu @ Choice Scarf Ability: Beads of Ruin Level: 50 Tera Type: Fire - Overheat - Heat Wave - Snarl - Swagger Torkoal @ Safety Goggles Ability: Drought Level: 50 Tera Type: Fire - Eruption - Helping Hand - Overheat - Protect Indeedee (Indeedee-F) (F) @ Psychic Seed Ability: Psychic Surge Level: 50 Tera Type: Psychic - Psychic - Trick Room - Follow Me - Helping Hand Flutter Mane @ Focus Sash Ability: Protosynthesis Level: 50 Tera Type: Fairy - Moonblast - Icy Wind - Shadow Ball - Protect <\/details><\/div>\n|\n|t:|1682939746\n|start\n|switch|p1a: Klefki|Klefki, L50, F|100\/100\n|switch|p1b: Ting-Lu|Ting-Lu, L50|100\/100\n|switch|p2a: Chi-Yu|Chi-Yu, L50|100\/100\n|switch|p2b: Torkoal|Torkoal, L50, M|100\/100\n|-ability|p2a: Chi-Yu|Beads of Ruin\n|-ability|p1b: Ting-Lu|Vessel of Ruin\n|-weather|SunnyDay|[from] ability: Drought|[of] p2b: Torkoal\n|turn|1\n|\n|t:|1682939772\n|-terastallize|p2a: Chi-Yu|Fire\n|-terastallize|p1b: Ting-Lu|Ground\n|move|p2b: Torkoal|Helping Hand|p2a: Chi-Yu\n|-singleturn|p2a: Chi-Yu|Helping Hand|[of] p2b: Torkoal\n|move|p1a: Klefki|Light Screen|p1a: Klefki\n|-sidestart|p1: Eldegoss32|move: Light Screen\n|move|p2a: Chi-Yu|Overheat|p1b: Ting-Lu\n|-damage|p1b: Ting-Lu|0 fnt\n|-unboost|p2a: Chi-Yu|spa|2\n|faint|p1b: Ting-Lu\n|\n|-weather|SunnyDay|[upkeep]\n|upkeep\n|\n|t:|1682939793\n|switch|p1b: Flutter Mane|Flutter Mane, L50|100\/100\n|-activate|p1b: Flutter Mane|ability: Protosynthesis\n|-start|p1b: Flutter Mane|protosynthesisspe\n|turn|2\n|\n|t:|1682939810\n|move|p1a: Klefki|Thunder Wave|p2a: Chi-Yu\n|-status|p2a: Chi-Yu|par\n|move|p1b: Flutter Mane|Calm Mind|p1b: Flutter Mane\n|-boost|p1b: Flutter Mane|spa|1\n|-boost|p1b: Flutter Mane|spd|1\n|move|p2a: Chi-Yu|Overheat|p1b: Flutter Mane\n|-damage|p1b: Flutter Mane|63\/100\n|-unboost|p2a: Chi-Yu|spa|2\n|move|p2b: Torkoal|Eruption|p1b: Flutter Mane|[spread] p1a,p1b\n|-supereffective|p1a: Klefki\n|-damage|p1a: Klefki|0 fnt\n|-damage|p1b: Flutter Mane|26\/100\n|faint|p1a: Klefki\n|\n|-weather|SunnyDay|[upkeep]\n|-heal|p1b: Flutter Mane|32\/100|[from] item: Leftovers\n|upkeep\n|\n|t:|1682939825\n|switch|p1a: Iron Hands|Iron Hands, L50|100\/100\n|turn|3\n|\n|t:|1682939850\n|switch|p2a: Indeedee|Indeedee-F, L50, F|100\/100\n|-fieldstart|move: Psychic Terrain|[from] ability: Psychic Surge|[of] p2a: Indeedee\n|-enditem|p2a: Indeedee|Psychic Seed\n|-boost|p2a: Indeedee|spd|1|[from] item: Psychic Seed\n|move|p2b: Torkoal|Protect|p2b: Torkoal\n|-singleturn|p2b: Torkoal|Protect\n|move|p1b: Flutter Mane|Shadow Ball|p2b: Torkoal\n|-activate|p2b: Torkoal|move: Protect\n|move|p1a: Iron Hands|Wild Charge|p2b: Torkoal\n|-activate|p2b: Torkoal|move: Protect\n|\n|-weather|SunnyDay|[upkeep]\n|-heal|p1b: Flutter Mane|38\/100|[from] item: Leftovers\n|upkeep\n|turn|4\n|\n|t:|1682939869\n|move|p2a: Indeedee|Follow Me|p2a: Indeedee\n|-singleturn|p2a: Indeedee|move: Follow Me\n|move|p1b: Flutter Mane|Substitute|p1b: Flutter Mane\n|-start|p1b: Flutter Mane|Substitute\n|-damage|p1b: Flutter Mane|13\/100\n|move|p1a: Iron Hands|Wild Charge|p2a: Indeedee\n|-damage|p2a: Indeedee|54\/100\n|-damage|p1a: Iron Hands|92\/100|[from] Recoil\n|move|p2b: Torkoal|Eruption|p1b: Flutter Mane|[spread] p1a,p1b\n|-end|p1b: Flutter Mane|Substitute\n|-damage|p1a: Iron Hands|68\/100\n|\n|-weather|SunnyDay|[upkeep]\n|-heal|p1b: Flutter Mane|20\/100|[from] item: Leftovers\n|upkeep\n|turn|5\n|\n|t:|1682939893\n|move|p2a: Indeedee|Follow Me|p2a: Indeedee\n|-singleturn|p2a: Indeedee|move: Follow Me\n|move|p1b: Flutter Mane|Dazzling Gleam|p2b: Torkoal|[spread] p2a,p2b\n|-resisted|p2b: Torkoal\n|-damage|p2a: Indeedee|28\/100\n|-damage|p2b: Torkoal|73\/100\n|move|p1a: Iron Hands|Wild Charge|p2a: Indeedee\n|-damage|p2a: Indeedee|0 fnt\n|faint|p2a: Indeedee\n|-damage|p1a: Iron Hands|63\/100|[from] Recoil\n|move|p2b: Torkoal|Eruption|p1a: Iron Hands|[spread] p1a,p1b\n|-damage|p1a: Iron Hands|43\/100\n|-damage|p1b: Flutter Mane|0 fnt\n|faint|p1b: Flutter Mane\n|-end|p1b: Flutter Mane|Protosynthesis|[silent]\n|\n|-weather|none\n|upkeep\n|\n|t:|1682939907\n|switch|p2a: Flutter Mane|Flutter Mane, L50|100\/100\n|turn|6\n|-message|Eldegoss32 forfeited.\n|\n|win|bigbadbirdvgc\n|n|\u2606Eldegoss32|eldegoss32\n|n|\u2606bigbadbirdvgc|bigbadbirdvgc\n","uploadtime":1682939909,"views":19,"p1id":"eldegoss32","p2id":"bigbadbirdvgc","formatid":"gen9vgc2023regulationc","rating":0,"private":0,"password":""}