{"id":"gen9vgc2023regulationc-1845807033","p1":"weidson","p2":"iceie_mint","format":"[Gen 9] VGC 2023 Regulation C","log":"|j|\u2606weidson\n|j|\u2606iceie_mint\n|t:|1681766508\n|gametype|doubles\n|player|p1|weidson|nate|1115\n|player|p2|iceie_mint|nemona-v|1027\n|teamsize|p1|6\n|teamsize|p2|6\n|gen|9\n|tier|[Gen 9] VGC 2023 Regulation C\n|rated|\n|rule|Species Clause: Limit one of each Pok\u00e9mon\n|rule|Item Clause: Limit one of each item\n|clearpoke\n|poke|p1|Talonflame, L50, F|\n|poke|p1|Espathra, L50, F|\n|poke|p1|Iron Bundle, L50|\n|poke|p1|Hydreigon, L50, M|\n|poke|p1|Sandy Shocks, L50|\n|poke|p1|Tsareena, L50, F|\n|poke|p2|Flutter Mane, L50|\n|poke|p2|Palafin, L50, F|\n|poke|p2|Pelipper, L50, F|\n|poke|p2|Gyarados, L50, F|\n|poke|p2|Chien-Pao, L50|\n|poke|p2|Umbreon, L50, F|\n|teampreview|4\n|\n|t:|1681766551\n|start\n|switch|p1a: Talonflame|Talonflame, L50, F|100\/100\n|switch|p1b: Sandy Shocks|Sandy Shocks, L50|100\/100\n|switch|p2a: Pelipper|Pelipper, L50, F|100\/100\n|switch|p2b: Umbreon|Umbreon, L50, F, shiny|100\/100\n|-weather|RainDance|[from] ability: Drizzle|[of] p2a: Pelipper\n|-enditem|p1b: Sandy Shocks|Booster Energy\n|-activate|p1b: Sandy Shocks|ability: Protosynthesis|[fromitem]\n|-start|p1b: Sandy Shocks|protosynthesisspe\n|turn|1\n|\n|t:|1681766584\n|switch|p2a: Chien-Pao|Chien-Pao, L50|100\/100\n|-ability|p2a: Chien-Pao|Sword of Ruin\n|move|p1a: Talonflame|Tailwind|p1a: Talonflame\n|-sidestart|p1: weidson|move: Tailwind\n|move|p1b: Sandy Shocks|Thunder|p2a: Chien-Pao\n|-damage|p2a: Chien-Pao|27\/100\n|move|p2b: Umbreon|Yawn|p1b: Sandy Shocks\n|-start|p1b: Sandy Shocks|move: Yawn|[of] p2b: Umbreon\n|\n|-weather|RainDance|[upkeep]\n|-heal|p2a: Chien-Pao|33\/100|[from] item: Leftovers\n|upkeep\n|turn|2\n|\n|t:|1681766621\n|move|p1a: Talonflame|Brave Bird|p2a: Chien-Pao\n|-damage|p2a: Chien-Pao|0 fnt\n|faint|p2a: Chien-Pao\n|-damage|p1a: Talonflame|87\/100|[from] Recoil\n|-damage|p1a: Talonflame|78\/100|[from] item: Life Orb\n|move|p1b: Sandy Shocks|Gravity|p1b: Sandy Shocks\n|-fieldstart|move: Gravity\n|move|p2b: Umbreon|Taunt|p1a: Talonflame\n|-start|p1a: Talonflame|move: Taunt\n|\n|-weather|RainDance|[upkeep]\n|-end|p1b: Sandy Shocks|move: Yawn|[silent]\n|-status|p1b: Sandy Shocks|slp\n|upkeep\n|\n|t:|1681766640\n|switch|p2a: Flutter Mane|Flutter Mane, L50|100\/100\n|turn|3\n|\n|t:|1681766664\n|cant|p1b: Sandy Shocks|slp\n|move|p1a: Talonflame|Brave Bird|p2a: Flutter Mane\n|-enditem|p2a: Flutter Mane|Focus Sash\n|-damage|p2a: Flutter Mane|1\/100\n|-damage|p1a: Talonflame|50\/100|[from] Recoil\n|-damage|p1a: Talonflame|40\/100|[from] item: Life Orb\n|move|p2a: Flutter Mane|Thunder|p1a: Talonflame\n|-supereffective|p1a: Talonflame\n|-crit|p1a: Talonflame\n|-damage|p1a: Talonflame|0 fnt\n|faint|p1a: Talonflame\n|move|p2b: Umbreon|Foul Play|p1b: Sandy Shocks\n|-damage|p1b: Sandy Shocks|72\/100 slp\n|\n|-weather|RainDance|[upkeep]\n|upkeep\n|\n|t:|1681766670\n|switch|p1a: Iron Bundle|Iron Bundle, L50|100\/100\n|turn|4\n|\n|t:|1681766702\n|cant|p1b: Sandy Shocks|slp\n|move|p1a: Iron Bundle|Blizzard|p2a: Flutter Mane|[spread] p2a,p2b\n|-damage|p2a: Flutter Mane|0 fnt\n|-damage|p2b: Umbreon|78\/100\n|faint|p2a: Flutter Mane\n|-end|p2a: Flutter Mane|Protosynthesis|[silent]\n|move|p2b: Umbreon|Yawn|p1a: Iron Bundle\n|-start|p1a: Iron Bundle|move: Yawn|[of] p2b: Umbreon\n|\n|-weather|RainDance|[upkeep]\n|-sideend|p1: weidson|move: Tailwind\n|upkeep\n|\n|t:|1681766714\n|switch|p2a: Pelipper|Pelipper, L50, F|100\/100\n|turn|5\n|\n|t:|1681766731\n|-terastallize|p2b: Umbreon|Dark\n|cant|p1b: Sandy Shocks|slp\n|move|p1a: Iron Bundle|Freeze-Dry|p2a: Pelipper\n|-supereffective|p2a: Pelipper\n|-damage|p2a: Pelipper|0 fnt\n|faint|p2a: Pelipper\n|move|p2b: Umbreon|Foul Play|p1a: Iron Bundle\n|-damage|p1a: Iron Bundle|59\/100\n|\n|-weather|RainDance|[upkeep]\n|-end|p1a: Iron Bundle|move: Yawn|[silent]\n|-status|p1a: Iron Bundle|slp\n|upkeep\n|turn|6\n|\n|t:|1681766751\n|-curestatus|p1b: Sandy Shocks|slp|[msg]\n|move|p1b: Sandy Shocks|Gravity||[still]\n|-fail|p1b: Sandy Shocks\n|cant|p1a: Iron Bundle|slp\n|move|p2b: Umbreon|Foul Play|p1a: Iron Bundle\n|-damage|p1a: Iron Bundle|15\/100 slp\n|\n|-weather|RainDance|[upkeep]\n|-fieldend|move: Gravity\n|upkeep\n|turn|7\n|\n|t:|1681766776\n|-end|p1a: Iron Bundle|Quark Drive|[silent]\n|switch|p1a: Tsareena|Tsareena, L50, F|100\/100\n|move|p1b: Sandy Shocks|Protect|p1b: Sandy Shocks\n|-singleturn|p1b: Sandy Shocks|Protect\n|move|p2b: Umbreon|Foul Play|p1a: Tsareena\n|-damage|p1a: Tsareena|40\/100\n|-enditem|p1a: Tsareena|Sitrus Berry|[eat]\n|-heal|p1a: Tsareena|65\/100|[from] item: Sitrus Berry\n|\n|-weather|RainDance|[upkeep]\n|upkeep\n|turn|8\n|\n|t:|1681766792\n|move|p1b: Sandy Shocks|Thunder|p2b: Umbreon\n|-damage|p2b: Umbreon|47\/100\n|-status|p2b: Umbreon|par\n|move|p1a: Tsareena|Taunt|p2b: Umbreon\n|-start|p2b: Umbreon|move: Taunt\n|cant|p2b: Umbreon|move: Taunt|Thunder Wave\n|\n|-weather|none\n|upkeep\n|turn|9\n|\n|t:|1681766805\n|move|p1b: Sandy Shocks|Gravity|p1b: Sandy Shocks\n|-fieldstart|move: Gravity\n|move|p1a: Tsareena|U-turn|p2b: Umbreon\n|-supereffective|p2b: Umbreon\n|-damage|p2b: Umbreon|16\/100 par\n|\n|t:|1681766808\n|switch|p1a: Iron Bundle|Iron Bundle, L50|15\/100 slp|[from] U-turn\n|cant|p2b: Umbreon|par\n|\n|upkeep\n|turn|10\n|\n|t:|1681766816\n|move|p1b: Sandy Shocks|Thunder|p2b: Umbreon\n|-damage|p2b: Umbreon|0 fnt\n|faint|p2b: Umbreon\n|\n|win|weidson\n|raw|weidson's rating: 1115 → 1134<\/strong> (+19 for winning)\n|raw|iceie_mint's rating: 1027 → 1016<\/strong> (-11 for losing)\n|l|\u2606iceie_mint\n|c|\u2606weidson|gg\n","uploadtime":1681766834,"views":6,"p1id":"weidson","p2id":"iceiemint","formatid":"gen9vgc2023regulationc","rating":1016,"private":0,"password":""}