{"id":"gen9vgc2023regulationc-1851038963","p1":"snaelstorm","p2":"d_davex","format":"[Gen 9] VGC 2023 Regulation C","log":"|j|\u2606snaelstorm\n|j|\u2606d_davex\n|t:|1682398101\n|gametype|doubles\n|player|p1|snaelstorm|dahlia|1357\n|player|p2|d_davex|cyclist-gen4|1257\n|teamsize|p1|6\n|teamsize|p2|6\n|gen|9\n|tier|[Gen 9] VGC 2023 Regulation C\n|rated|\n|rule|Species Clause: Limit one of each Pok\u00e9mon\n|rule|Item Clause: Limit one of each item\n|clearpoke\n|poke|p1|Wo-Chien, L50|\n|poke|p1|Glimmora, L50, F|\n|poke|p1|Gyarados, L50, F|\n|poke|p1|Flutter Mane, L50|\n|poke|p1|Ceruledge, L50, M|\n|poke|p1|Garganacl, L50, F|\n|poke|p2|Amoonguss, L50, M|\n|poke|p2|Iron Bundle, L50|\n|poke|p2|Iron Hands, L50|\n|poke|p2|Dragonite, L50, F|\n|poke|p2|Chien-Pao, L50|\n|poke|p2|Gholdengo, L50|\n|teampreview|4\n|inactive|Battle timer is ON: inactive players will automatically lose when time's up. (requested by d_davex)\nsnaelstorm has agreed to open team sheets.\n|inactive|snaelstorm has 60 seconds left.\n|\n|t:|1682398145\n|start\n|switch|p1a: Glimmora|Glimmora, L50, F|100\/100\n|switch|p1b: Gyarados|Gyarados, L50, F|100\/100\n|switch|p2a: Iron Hands|Iron Hands, L50|100\/100\n|switch|p2b: Amoonguss|Amoonguss, L50, M|100\/100\n|-ability|p1b: Gyarados|Intimidate|boost\n|-unboost|p2a: Iron Hands|atk|1\n|-unboost|p2b: Amoonguss|atk|1\n|turn|1\n|\n|t:|1682398164\n|move|p1b: Gyarados|Taunt|p2b: Amoonguss\n|-start|p2b: Amoonguss|move: Taunt\n|move|p1a: Glimmora|Mortal Spin|p2b: Amoonguss|[spread] p2a,p2b\n|-damage|p2a: Iron Hands|98\/100\n|-damage|p2b: Amoonguss|97\/100\n|-status|p2a: Iron Hands|psn\n|-status|p2b: Amoonguss|psn\n|move|p2a: Iron Hands|Swords Dance|p2a: Iron Hands\n|-boost|p2a: Iron Hands|atk|2\n|move|p2b: Amoonguss|Pollen Puff|p2a: Iron Hands\n|-heal|p2a: Iron Hands|100\/100 psn\n|\n|-damage|p2a: Iron Hands|88\/100 psn|[from] psn\n|-damage|p2b: Amoonguss|85\/100 psn|[from] psn\n|upkeep\n|turn|2\n|\n|t:|1682398184\n|move|p1b: Gyarados|Waterfall|p2a: Iron Hands\n|-damage|p2a: Iron Hands|65\/100 psn\n|move|p1a: Glimmora|Venoshock|p2a: Iron Hands\n|-damage|p2a: Iron Hands|22\/100 psn\n|cant|p2a: Iron Hands|flinch\n|move|p2b: Amoonguss|Pollen Puff|p2a: Iron Hands\n|-heal|p2a: Iron Hands|72\/100 psn\n|\n|-damage|p2a: Iron Hands|60\/100 psn|[from] psn\n|-damage|p2b: Amoonguss|72\/100 psn|[from] psn\n|upkeep\n|turn|3\n|inactive|d_davex has 30 seconds left.\n|\n|t:|1682398213\n|-end|p2a: Iron Hands|Quark Drive|[silent]\n|switch|p2a: Gholdengo|Gholdengo, L50|100\/100\n|move|p1b: Gyarados|Waterfall|p2a: Gholdengo\n|-damage|p2a: Gholdengo|67\/100\n|move|p1a: Glimmora|Venoshock|p2a: Gholdengo\n|-immune|p2a: Gholdengo\n|move|p2b: Amoonguss|Pollen Puff|p2a: Gholdengo\n|-heal|p2a: Gholdengo|100\/100\n|\n|-damage|p2b: Amoonguss|60\/100 psn|[from] psn\n|-end|p2b: Amoonguss|move: Taunt\n|upkeep\n|turn|4\n|\n|t:|1682398227\n|switch|p2b: Iron Hands|Iron Hands, L50|60\/100 psn\n|move|p1b: Gyarados|Taunt|p2b: Iron Hands\n|-start|p2b: Iron Hands|move: Taunt\n|move|p2a: Gholdengo|Nasty Plot|p2a: Gholdengo\n|-boost|p2a: Gholdengo|spa|2\n|move|p1a: Glimmora|Earth Power|p2a: Gholdengo\n|-supereffective|p2a: Gholdengo\n|-damage|p2a: Gholdengo|42\/100\n|-unboost|p2a: Gholdengo|spd|1\n|\n|-damage|p2b: Iron Hands|47\/100 psn|[from] psn\n|upkeep\n|turn|5\n|inactive|d_davex has 30 seconds left.\n|\n|t:|1682398256\n|-terastallize|p2a: Gholdengo|Water\n|-terastallize|p1a: Glimmora|Grass\n|move|p2b: Iron Hands|Fake Out|p1a: Glimmora\n|-damage|p1a: Glimmora|87\/100\n|move|p1b: Gyarados|Whirlpool|p2b: Iron Hands|[miss]\n|-miss|p1b: Gyarados|p2b: Iron Hands\n|move|p2a: Gholdengo|Make It Rain|p1b: Gyarados|[spread] p1a,p1b\n|-resisted|p1b: Gyarados\n|-damage|p1a: Glimmora|5\/100\n|-damage|p1b: Gyarados|50\/100\n|-unboost|p2a: Gholdengo|spa|1\n|-enditem|p1b: Gyarados|Sitrus Berry|[eat]\n|-heal|p1b: Gyarados|75\/100|[from] item: Sitrus Berry\n|-damage|p2a: Gholdengo|32\/100|[from] item: Life Orb\n|cant|p1a: Glimmora|flinch\n|\n|-damage|p2b: Iron Hands|35\/100 psn|[from] psn\n|upkeep\n|turn|6\n|inactive|snaelstorm has 30 seconds left.\n|inactive|d_davex has 30 seconds left.\n|inactive|snaelstorm has 20 seconds left.\n|\n|t:|1682398292\n|switch|p2a: Amoonguss|Amoonguss, L50, M|93\/100 psn\n|move|p1b: Gyarados|Protect|p1b: Gyarados\n|-singleturn|p1b: Gyarados|Protect\n|move|p1a: Glimmora|Power Gem|p2a: Amoonguss\n|-damage|p2a: Amoonguss|63\/100 psn\n|move|p2b: Iron Hands|Wild Charge|p1b: Gyarados\n|-activate|p1b: Gyarados|move: Protect\n|\n|-damage|p2b: Iron Hands|23\/100 psn|[from] psn\n|-damage|p2a: Amoonguss|50\/100 psn|[from] psn\n|-end|p2b: Iron Hands|move: Taunt\n|upkeep\n|-enditem|p2a: Amoonguss|Sitrus Berry|[eat]\n|-heal|p2a: Amoonguss|75\/100 psn|[from] item: Sitrus Berry\n|turn|7\n|\n|t:|1682398311\n|move|p2a: Amoonguss|Rage Powder|p2a: Amoonguss\n|-singleturn|p2a: Amoonguss|move: Rage Powder\n|move|p1b: Gyarados|Taunt|p2a: Amoonguss\n|-start|p2a: Amoonguss|move: Taunt\n|move|p1a: Glimmora|Earth Power|p2b: Iron Hands\n|-supereffective|p2b: Iron Hands\n|-damage|p2b: Iron Hands|0 fnt\n|faint|p2b: Iron Hands\n|-end|p2b: Iron Hands|Quark Drive|[silent]\n|\n|-damage|p2a: Amoonguss|63\/100 psn|[from] psn\n|upkeep\n|\n|t:|1682398321\n|switch|p2b: Iron Bundle|Iron Bundle, L50|100\/100\n|-enditem|p2b: Iron Bundle|Booster Energy\n|-activate|p2b: Iron Bundle|ability: Quark Drive|[fromitem]\n|-start|p2b: Iron Bundle|quarkdrivespe\n|turn|8\n|\n|t:|1682398344\n|move|p2b: Iron Bundle|Icy Wind|p1b: Gyarados|[spread] p1a,p1b\n|-supereffective|p1a: Glimmora\n|-damage|p1a: Glimmora|0 fnt\n|-damage|p1b: Gyarados|60\/100\n|-unboost|p1b: Gyarados|spe|1\n|faint|p1a: Glimmora\n|move|p1b: Gyarados|Whirlpool|p2b: Iron Bundle\n|-resisted|p2b: Iron Bundle\n|-damage|p2b: Iron Bundle|93\/100\n|-activate|p2b: Iron Bundle|move: Whirlpool|[of] p1b: Gyarados\n|move|p2a: Amoonguss|Pollen Puff|p2b: Iron Bundle\n|-heal|p2b: Iron Bundle|100\/100\n|\n|-damage|p2a: Amoonguss|50\/100 psn|[from] psn\n|-damage|p2b: Iron Bundle|88\/100|[from] move: Whirlpool|[partiallytrapped]\n|upkeep\n|\n|t:|1682398353\n|switch|p1a: Wo-Chien|Wo-Chien, L50|100\/100\n|-ability|p1a: Wo-Chien|Tablets of Ruin\n|turn|9\n|\n|t:|1682398377\n|switch|p1b: Garganacl|Garganacl, L50, F|100\/100\n|move|p2b: Iron Bundle|Icy Wind|p1b: Garganacl|[spread] p1a,p1b\n|-supereffective|p1a: Wo-Chien\n|-damage|p1a: Wo-Chien|72\/100\n|-damage|p1b: Garganacl|85\/100\n|-unboost|p1a: Wo-Chien|spe|1\n|move|p1a: Wo-Chien|Ruination|p2b: Iron Bundle|[miss]\n|-miss|p1a: Wo-Chien|p2b: Iron Bundle\n|move|p2a: Amoonguss|Pollen Puff|p2b: Iron Bundle\n|-heal|p2b: Iron Bundle|100\/100\n|\n|-heal|p1a: Wo-Chien|79\/100|[from] item: Leftovers\n|-damage|p2a: Amoonguss|38\/100 psn|[from] psn\n|-end|p2b: Iron Bundle|Whirlpool|[partiallytrapped]|[silent]\n|upkeep\n|turn|10\n|\n|t:|1682398400\n|-end|p2b: Iron Bundle|Quark Drive|[silent]\n|switch|p2b: Gholdengo|Gholdengo, L50, tera:Water|32\/100\n|move|p1a: Wo-Chien|Leech Seed|p2b: Gholdengo\n|-immune|p2b: Gholdengo|[from] ability: Good as Gold\n|move|p1b: Garganacl|Salt Cure|p2a: Amoonguss\n|-damage|p2a: Amoonguss|28\/100 psn\n|-start|p2a: Amoonguss|Salt Cure\n|move|p2a: Amoonguss|Pollen Puff|p2b: Gholdengo\n|-heal|p2b: Gholdengo|82\/100\n|\n|-heal|p1a: Wo-Chien|85\/100|[from] item: Leftovers\n|-damage|p2a: Amoonguss|15\/100 psn|[from] psn\n|-damage|p2a: Amoonguss|3\/100 psn|[from] Salt Cure\n|-end|p2a: Amoonguss|move: Taunt\n|upkeep\n|turn|11\n|inactive|snaelstorm has 30 seconds left.\n|\n|t:|1682398431\n|switch|p2a: Iron Bundle|Iron Bundle, L50|100\/100\n|move|p2b: Gholdengo|Protect|p2b: Gholdengo\n|-singleturn|p2b: Gholdengo|Protect\n|move|p1a: Wo-Chien|Protect|p1a: Wo-Chien\n|-singleturn|p1a: Wo-Chien|Protect\n|move|p1b: Garganacl|Salt Cure|p2b: Gholdengo\n|-activate|p2b: Gholdengo|move: Protect\n|\n|-heal|p1a: Wo-Chien|91\/100|[from] item: Leftovers\n|upkeep\n|turn|12\n|inactive|snaelstorm has 30 seconds left.\n|inactive|d_davex has 30 seconds left.\n|\n|t:|1682398458\n|move|p1b: Garganacl|Protect|p1b: Garganacl\n|-singleturn|p1b: Garganacl|Protect\n|move|p2a: Iron Bundle|Freeze-Dry|p1a: Wo-Chien\n|-supereffective|p1a: Wo-Chien\n|-damage|p1a: Wo-Chien|50\/100\n|move|p2b: Gholdengo|Nasty Plot|p2b: Gholdengo\n|-boost|p2b: Gholdengo|spa|2\n|move|p1a: Wo-Chien|Leech Seed|p2a: Iron Bundle|[miss]\n|-miss|p1a: Wo-Chien|p2a: Iron Bundle\n|\n|-heal|p1a: Wo-Chien|57\/100|[from] item: Leftovers\n|upkeep\n|turn|13\n|inactive|snaelstorm has 30 seconds left.\n|\n|t:|1682398489\n|move|p2a: Iron Bundle|Hydro Pump|p1b: Garganacl|[miss]\n|-miss|p2a: Iron Bundle|p1b: Garganacl\n|move|p2b: Gholdengo|Make It Rain|p1a: Wo-Chien|[spread] p1a,p1b\n|-crit|p1a: Wo-Chien\n|-supereffective|p1b: Garganacl\n|-damage|p1a: Wo-Chien|0 fnt\n|-damage|p1b: Garganacl|0 fnt\n|-unboost|p2b: Gholdengo|spa|1\n|faint|p1a: Wo-Chien\n|faint|p1b: Garganacl\n|-damage|p2b: Gholdengo|72\/100|[from] item: Life Orb\n|\n|upkeep\n|\n|t:|1682398496\n|switch|p1b: Gyarados|Gyarados, L50, F|60\/100\n|-ability|p1b: Gyarados|Intimidate|boost\n|-unboost|p2a: Iron Bundle|atk|1\n|-unboost|p2b: Gholdengo|atk|1\n|turn|14\n|inactive|d_davex has 30 seconds left.\n|\n|t:|1682398525\n|move|p2a: Iron Bundle|Freeze-Dry|p1b: Gyarados\n|-supereffective|p1b: Gyarados\n|-damage|p1b: Gyarados|0 fnt\n|faint|p1b: Gyarados\n|\n|win|d_davex\n|raw|snaelstorm's rating: 1357 → 1331<\/strong> (-26 for losing)\n|raw|d_davex's rating: 1257 → 1289<\/strong> (+32 for winning)\n","uploadtime":1682398530,"views":12,"p1id":"snaelstorm","p2id":"ddavex","formatid":"gen9vgc2023regulationc","rating":1289,"private":0,"password":""}