{"id":"gen9vgc2023regulationc-1845050505","p1":"jaydon8463","p2":"Bdnskakwjenw","format":"[Gen 9] VGC 2023 Regulation C","log":"|j|\u2606jaydon8463\n|j|\u2606Bdnskakwjenw\n|t:|1681677950\n|gametype|doubles\n|player|p1|jaydon8463|169|1246\n|player|p2|Bdnskakwjenw|169|1184\n|teamsize|p1|6\n|teamsize|p2|6\n|gen|9\n|tier|[Gen 9] VGC 2023 Regulation C\n|rated|\n|rule|Species Clause: Limit one of each Pok\u00e9mon\n|rule|Item Clause: Limit one of each item\n|clearpoke\n|poke|p1|Dragapult, L50, M|\n|poke|p1|Chien-Pao, L50|\n|poke|p1|Arcanine, L50, M|\n|poke|p1|Palafin, L50, F|\n|poke|p1|Ting-Lu, L50|\n|poke|p1|Garganacl, L50, F|\n|poke|p2|Gyarados, L50, F|\n|poke|p2|Dragapult, L50, F|\n|poke|p2|Chi-Yu, L50|\n|poke|p2|Flutter Mane, L50|\n|poke|p2|Grimmsnarl, L50, M|\n|poke|p2|Amoonguss, L50, F|\n|teampreview|4\n|inactive|Battle timer is ON: inactive players will automatically lose when time's up. (requested by Bdnskakwjenw)\njaydon8463 has agreed to open team sheets.\n|inactive|jaydon8463 has 60 seconds left.\n|inactive|jaydon8463 has 30 seconds left.\n|inactive|jaydon8463 has 20 seconds left.\n|inactive|jaydon8463 has 15 seconds left.\n|\n|t:|1681678029\n|start\n|switch|p1a: Palafin|Palafin, L50, F|100\/100\n|switch|p1b: Garganacl|Garganacl, L50, F|100\/100\n|switch|p2a: Chi-Yu|Chi-Yu, L50|100\/100\n|switch|p2b: Flutter Mane|Flutter Mane, L50|100\/100\n|-ability|p2a: Chi-Yu|Beads of Ruin\n|turn|1\n|\n|t:|1681678054\n|detailschange|p1a: Palafin|Palafin-Hero, L50, F\n|switch|p1a: Ting-Lu|Ting-Lu, L50|100\/100\n|-ability|p1a: Ting-Lu|Vessel of Ruin\n|move|p2a: Chi-Yu|Dark Pulse|p1b: Garganacl\n|-damage|p1b: Garganacl|72\/100\n|move|p2b: Flutter Mane|Moonblast|p1b: Garganacl\n|-damage|p1b: Garganacl|39\/100\n|move|p1b: Garganacl|Stealth Rock|p2a: Chi-Yu\n|-sidestart|p2: Bdnskakwjenw|move: Stealth Rock\n|\n|-heal|p1b: Garganacl|45\/100|[from] item: Leftovers\n|upkeep\n|turn|2\n|\n|t:|1681678077\n|-terastallize|p1a: Ting-Lu|Steel\n|move|p1b: Garganacl|Protect|p1b: Garganacl\n|-singleturn|p1b: Garganacl|Protect\n|move|p2a: Chi-Yu|Dark Pulse|p1a: Ting-Lu\n|-damage|p1a: Ting-Lu|70\/100\n|move|p2b: Flutter Mane|Moonblast|p1a: Ting-Lu\n|-resisted|p1a: Ting-Lu\n|-damage|p1a: Ting-Lu|52\/100\n|-unboost|p1a: Ting-Lu|spa|1\n|move|p1a: Ting-Lu|Heavy Slam|p2b: Flutter Mane\n|-supereffective|p2b: Flutter Mane\n|-crit|p2b: Flutter Mane\n|-enditem|p2b: Flutter Mane|Focus Sash\n|-damage|p2b: Flutter Mane|1\/100\n|\n|-heal|p1b: Garganacl|51\/100|[from] item: Leftovers\n|upkeep\n|turn|3\n|inactive|jaydon8463 has 30 seconds left.\n|inactive|Bdnskakwjenw has 30 seconds left.\n|\n|t:|1681678104\n|switch|p1b: Palafin|Palafin-Hero, L50, F|100\/100\n|-activate|p1b: Palafin|ability: Zero to Hero\n|move|p2a: Chi-Yu|Dark Pulse|p1b: Palafin\n|-damage|p1b: Palafin|56\/100\n|move|p2b: Flutter Mane|Shadow Ball|p1b: Palafin\n|-damage|p1b: Palafin|14\/100\n|move|p1a: Ting-Lu|Stomping Tantrum|p2a: Chi-Yu\n|-supereffective|p2a: Chi-Yu\n|-damage|p2a: Chi-Yu|16\/100\n|\n|upkeep\n|turn|4\n|inactive|jaydon8463 has 30 seconds left.\n|inactive|Bdnskakwjenw has 30 seconds left.\n|\n|t:|1681678139\n|move|p1b: Palafin|Jet Punch|p2a: Chi-Yu\n|-supereffective|p2a: Chi-Yu\n|-damage|p2a: Chi-Yu|0 fnt\n|faint|p2a: Chi-Yu\n|move|p2b: Flutter Mane|Shadow Ball|p1a: Ting-Lu\n|-damage|p1a: Ting-Lu|29\/100\n|-unboost|p1a: Ting-Lu|spd|1\n|-enditem|p1a: Ting-Lu|Sitrus Berry|[eat]\n|-heal|p1a: Ting-Lu|54\/100|[from] item: Sitrus Berry\n|move|p1a: Ting-Lu|Heavy Slam|p2b: Flutter Mane\n|-supereffective|p2b: Flutter Mane\n|-damage|p2b: Flutter Mane|0 fnt\n|faint|p2b: Flutter Mane\n|-end|p2b: Flutter Mane|Protosynthesis|[silent]\n|\n|upkeep\n|\n|t:|1681678143\n|switch|p2b: Amoonguss|Amoonguss, L50, F|100\/100\n|switch|p2a: Gyarados|Gyarados, L50, F|100\/100\n|-damage|p2a: Gyarados|76\/100|[from] Stealth Rock\n|-ability|p2a: Gyarados|Intimidate|boost\n|-unboost|p1a: Ting-Lu|atk|1\n|-unboost|p1b: Palafin|atk|1\n|-damage|p2b: Amoonguss|88\/100|[from] Stealth Rock\n|turn|5\n|\n|t:|1681678167\n|switch|p1b: Garganacl|Garganacl, L50, F|51\/100\n|move|p2a: Gyarados|Dragon Dance|p2a: Gyarados\n|-boost|p2a: Gyarados|atk|1\n|-boost|p2a: Gyarados|spe|1\n|move|p1a: Ting-Lu|Ruination|p2b: Amoonguss\n|-damage|p2b: Amoonguss|44\/100\n|-enditem|p2b: Amoonguss|Sitrus Berry|[eat]\n|-heal|p2b: Amoonguss|69\/100|[from] item: Sitrus Berry\n|move|p2b: Amoonguss|Spore|p1a: Ting-Lu\n|-status|p1a: Ting-Lu|slp|[from] move: Spore\n|\n|-heal|p1b: Garganacl|57\/100|[from] item: Leftovers\n|upkeep\n|turn|6\n|\n|t:|1681678186\n|move|p2b: Amoonguss|Rage Powder|p2b: Amoonguss\n|-singleturn|p2b: Amoonguss|move: Rage Powder\n|move|p2a: Gyarados|Dragon Dance|p2a: Gyarados\n|-boost|p2a: Gyarados|atk|1\n|-boost|p2a: Gyarados|spe|1\n|cant|p1a: Ting-Lu|slp\n|move|p1b: Garganacl|Salt Cure|p2b: Amoonguss\n|-damage|p2b: Amoonguss|54\/100\n|-start|p2b: Amoonguss|Salt Cure\n|\n|-heal|p1b: Garganacl|62\/100|[from] item: Leftovers\n|-damage|p2b: Amoonguss|42\/100|[from] Salt Cure\n|upkeep\n|turn|7\n|\n|t:|1681678215\n|-terastallize|p2a: Gyarados|Grass\n|move|p1b: Garganacl|Protect|p1b: Garganacl\n|-singleturn|p1b: Garganacl|Protect\n|move|p2a: Gyarados|Waterfall|p1a: Ting-Lu\n|-damage|p1a: Ting-Lu|14\/100 slp\n|-curestatus|p1a: Ting-Lu|slp|[msg]\n|cant|p1a: Ting-Lu|flinch\n|move|p2b: Amoonguss|Pollen Puff|p2a: Gyarados\n|-heal|p2a: Gyarados|100\/100\n|\n|-heal|p1b: Garganacl|68\/100|[from] item: Leftovers\n|-damage|p2b: Amoonguss|29\/100|[from] Salt Cure\n|upkeep\n|turn|8\n|inactive|jaydon8463 has 30 seconds left.\n|inactive|Bdnskakwjenw has 30 seconds left.\n|\n|t:|1681678244\n|move|p2b: Amoonguss|Rage Powder|p2b: Amoonguss\n|-singleturn|p2b: Amoonguss|move: Rage Powder\n|move|p2a: Gyarados|Tera Blast|p1a: Ting-Lu\n|-resisted|p1a: Ting-Lu\n|-damage|p1a: Ting-Lu|0 fnt\n|faint|p1a: Ting-Lu\n|move|p1b: Garganacl|Salt Cure|p2b: Amoonguss\n|-damage|p2b: Amoonguss|14\/100\n|\n|-heal|p1b: Garganacl|74\/100|[from] item: Leftovers\n|-damage|p2b: Amoonguss|2\/100|[from] Salt Cure\n|upkeep\n|\n|t:|1681678255\n|switch|p1a: Palafin|Palafin-Hero, L50, F|14\/100\n|turn|9\n|\n|t:|1681678267\n|move|p1a: Palafin|Protect|p1a: Palafin\n|-singleturn|p1a: Palafin|Protect\n|move|p1b: Garganacl|Protect|p1b: Garganacl\n|-singleturn|p1b: Garganacl|Protect\n|move|p2a: Gyarados|Waterfall|p1b: Garganacl\n|-activate|p1b: Garganacl|move: Protect\n|move|p2b: Amoonguss|Spore|p1a: Palafin\n|-activate|p1a: Palafin|move: Protect\n|\n|-heal|p1b: Garganacl|80\/100|[from] item: Leftovers\n|-damage|p2b: Amoonguss|0 fnt|[from] Salt Cure\n|faint|p2b: Amoonguss\n|upkeep\n|turn|10\n|\n|t:|1681678286\n|move|p2a: Gyarados|Waterfall|p1b: Garganacl\n|-supereffective|p1b: Garganacl\n|-damage|p1b: Garganacl|0 fnt\n|faint|p1b: Garganacl\n|move|p1a: Palafin|Haze|p1a: Palafin\n|-clearallboost\n|\n|upkeep\n|\n|t:|1681678292\n|switch|p1b: Chien-Pao|Chien-Pao, L50|100\/100\n|-ability|p1b: Chien-Pao|Sword of Ruin\n|turn|11\n|\n|t:|1681678302\n|move|p1b: Chien-Pao|Ice Spinner|p2a: Gyarados\n|-supereffective|p2a: Gyarados\n|-damage|p2a: Gyarados|0 fnt\n|faint|p2a: Gyarados\n|\n|win|jaydon8463\n|raw|jaydon8463's rating: 1246 → 1267<\/strong> (+21 for winning)\n|raw|Bdnskakwjenw's rating: 1184 → 1163<\/strong> (-21 for losing)\n|l|\u2606Bdnskakwjenw\n","uploadtime":1681678312,"views":6,"p1id":"jaydon8463","p2id":"bdnskakwjenw","formatid":"gen9vgc2023regulationc","rating":1163,"private":0,"password":""}