{"id":"gen9vgc2023regulationc-1848965294","p1":"Toku_L","p2":"Doctor Sleep","format":"[Gen 9] VGC 2023 Regulation C","log":"|j|\u2606Toku_L\n|j|\u2606Doctor Sleep\n|t:|1682132043\n|gametype|doubles\n|player|p1|Toku_L|lucas|1321\n|player|p2|Doctor Sleep|169|1242\n|teamsize|p1|6\n|teamsize|p2|6\n|gen|9\n|tier|[Gen 9] VGC 2023 Regulation C\n|rated|\n|rule|Species Clause: Limit one of each Pok\u00e9mon\n|rule|Item Clause: Limit one of each item\n|clearpoke\n|poke|p1|Tatsugiri-Stretchy, L50, F|\n|poke|p1|Chi-Yu, L50|\n|poke|p1|Iron Bundle, L50|\n|poke|p1|Dragonite, L50, F|\n|poke|p1|Dondozo, L50, M|\n|poke|p1|Glimmora, L50, F|\n|poke|p2|Flutter Mane, L50|\n|poke|p2|Talonflame, L50, M|\n|poke|p2|Garchomp, L50, F|\n|poke|p2|Farigiraf, L50, M|\n|poke|p2|Chien-Pao, L50|\n|poke|p2|Iron Hands, L50|\n|teampreview|4\n|\n|t:|1682132083\n|start\n|switch|p1a: Iron Bundle|Iron Bundle, L50|100\/100\n|switch|p1b: Dondozo|Dondozo, L50, M|100\/100\n|switch|p2a: Talonflame|Talonflame, L50, M|100\/100\n|switch|p2b: Farigiraf|Farigiraf, L50, M|100\/100\n|-enditem|p1a: Iron Bundle|Booster Energy\n|-activate|p1a: Iron Bundle|ability: Quark Drive|[fromitem]\n|-start|p1a: Iron Bundle|quarkdrivespe\n|turn|1\n|inactive|Battle timer is ON: inactive players will automatically lose when time's up. (requested by Doctor Sleep)\n|inactive|Toku_L has 60 seconds left.\n|\n|t:|1682132169\n|move|p2a: Talonflame|Tailwind|p2a: Talonflame\n|-sidestart|p2: Doctor Sleep|move: Tailwind\n|move|p1a: Iron Bundle|Hydro Pump|p2a: Talonflame\n|-supereffective|p2a: Talonflame\n|-damage|p2a: Talonflame|0 fnt\n|faint|p2a: Talonflame\n|move|p2b: Farigiraf|Hyper Voice|p1b: Dondozo|[spread] p1a,p1b\n|-damage|p1a: Iron Bundle|38\/100\n|-damage|p1b: Dondozo|62\/100\n|-enditem|p2b: Farigiraf|Throat Spray\n|-boost|p2b: Farigiraf|spa|1|[from] item: Throat Spray\n|move|p1b: Dondozo|Wave Crash|p2b: Farigiraf\n|-damage|p2b: Farigiraf|34\/100\n|-damage|p1b: Dondozo|43\/100|[from] Recoil\n|-damage|p1b: Dondozo|33\/100|[from] item: Life Orb\n|\n|upkeep\n|\n|t:|1682132188\n|switch|p2a: Chien-Pao|Chien-Pao, L50|100\/100\n|-ability|p2a: Chien-Pao|Sword of Ruin\n|turn|2\n|inactive|Toku_L has 30 seconds left.\n|inactive|Doctor Sleep has 30 seconds left.\n|inactive|Toku_L has 20 seconds left.\n|inactive|Toku_L has 15 seconds left.\n|\n|t:|1682132231\n|move|p1b: Dondozo|Protect|p1b: Dondozo\n|-singleturn|p1b: Dondozo|Protect\n|move|p2a: Chien-Pao|Throat Chop|p1a: Iron Bundle\n|-damage|p1a: Iron Bundle|0 fnt\n|faint|p1a: Iron Bundle\n|-end|p1a: Iron Bundle|Quark Drive|[silent]\n|move|p2b: Farigiraf|Hyper Voice|p1b: Dondozo\n|-activate|p1b: Dondozo|move: Protect\n|\n|upkeep\n|\n|t:|1682132241\n|switch|p1a: Chi-Yu|Chi-Yu, L50|100\/100\n|-ability|p1a: Chi-Yu|Beads of Ruin\n|turn|3\n|inactive|Toku_L has 30 seconds left.\n|\n|t:|1682132274\n|move|p2a: Chien-Pao|Protect|p2a: Chien-Pao\n|-singleturn|p2a: Chien-Pao|Protect\n|move|p2b: Farigiraf|Hyper Voice|p1a: Chi-Yu|[spread] p1a,p1b\n|-damage|p1a: Chi-Yu|45\/100\n|-damage|p1b: Dondozo|0 fnt\n|faint|p1b: Dondozo\n|move|p1a: Chi-Yu|Dark Pulse|p2b: Farigiraf\n|-supereffective|p2b: Farigiraf\n|-damage|p2b: Farigiraf|0 fnt\n|faint|p2b: Farigiraf\n|\n|upkeep\n|\n|t:|1682132286\n|switch|p1b: Tatsugiri|Tatsugiri-Stretchy, L50, F|100\/100\n|switch|p2b: Garchomp|Garchomp, L50, F|100\/100\n|turn|4\n|inactive|Doctor Sleep has 30 seconds left.\n|\n|t:|1682132320\n|-terastallize|p2b: Garchomp|Steel\n|-terastallize|p1b: Tatsugiri|Steel\n|move|p1a: Chi-Yu|Protect|p1a: Chi-Yu\n|-singleturn|p1a: Chi-Yu|Protect\n|move|p2a: Chien-Pao|Throat Chop|p1b: Tatsugiri\n|-damage|p1b: Tatsugiri|0 fnt\n|faint|p1b: Tatsugiri\n|move|p2b: Garchomp|Stomping Tantrum|p1a: Chi-Yu\n|-activate|p1a: Chi-Yu|move: Protect\n|\n|-sideend|p2: Doctor Sleep|move: Tailwind\n|upkeep\n|turn|5\n|\n|t:|1682132339\n|move|p2a: Chien-Pao|Throat Chop|p1a: Chi-Yu\n|-resisted|p1a: Chi-Yu\n|-damage|p1a: Chi-Yu|3\/100\n|-start|p1a: Chi-Yu|Throat Chop|[silent]\n|move|p2b: Garchomp|Stomping Tantrum|p1a: Chi-Yu\n|-supereffective|p1a: Chi-Yu\n|-damage|p1a: Chi-Yu|0 fnt\n|faint|p1a: Chi-Yu\n|-damage|p2b: Garchomp|91\/100|[from] item: Life Orb\n|\n|win|Doctor Sleep\n|raw|Toku_L's rating: 1321 → 1297<\/strong> (-24 for losing)\n|raw|Doctor Sleep's rating: 1242 → 1273<\/strong> (+31 for winning)\n|l|\u2606Toku_L\n","uploadtime":1682132352,"views":9,"p1id":"tokul","p2id":"doctorsleep","formatid":"gen9vgc2023regulationc","rating":1273,"private":0,"password":""}