{"id":"gen9vgc2023regulationc-1850258469","p1":"UserOmega","p2":"turbronius","format":"[Gen 9] VGC 2023 Regulation C","log":"|j|\u2606UserOmega\n|j|\u2606turbronius\n|t:|1682306928\n|gametype|doubles\n|player|p1|UserOmega|youngcouple-gen4dp|1445\n|player|p2|turbronius|265|1457\n|teamsize|p1|6\n|teamsize|p2|6\n|gen|9\n|tier|[Gen 9] VGC 2023 Regulation C\n|rated|\n|rule|Species Clause: Limit one of each Pok\u00e9mon\n|rule|Item Clause: Limit one of each item\n|clearpoke\n|poke|p1|Glimmora, L50, M|\n|poke|p1|Tyranitar, L50, F|\n|poke|p1|Lycanroc, L50, M|\n|poke|p1|Ting-Lu, L50|\n|poke|p1|Armarouge, L50, F|\n|poke|p1|Cacturne, L50, M|\n|poke|p2|Talonflame, L50, F|\n|poke|p2|Great Tusk, L50|\n|poke|p2|Iron Bundle, L50|\n|poke|p2|Brute Bonnet, L50|\n|poke|p2|Cetitan, L50, F|\n|poke|p2|Abomasnow, L50, F|\n|teampreview|4\n|\n|t:|1682306957\n|start\n|switch|p1a: Armarouge|Armarouge, L50, F|100\/100\n|switch|p1b: Tyranitar|Tyranitar, L50, F|100\/100\n|switch|p2a: Brute Bonnet|Brute Bonnet, L50|100\/100\n|switch|p2b: Cetitan|Cetitan, L50, F|100\/100\n|-weather|Sandstorm|[from] ability: Sand Stream|[of] p1b: Tyranitar\n|turn|1\n|\n|t:|1682306989\n|-terastallize|p2b: Cetitan|Ground\n|-terastallize|p1a: Armarouge|Grass\n|move|p2b: Cetitan|Belly Drum|p2b: Cetitan\n|-damage|p2b: Cetitan|50\/100\n|-setboost|p2b: Cetitan|atk|6|[from] move: Belly Drum\n|-enditem|p2b: Cetitan|Sitrus Berry|[eat]\n|-heal|p2b: Cetitan|75\/100|[from] item: Sitrus Berry\n|move|p1b: Tyranitar|Rock Slide|p2a: Brute Bonnet|[spread] p2a,p2b\n|-crit|p2a: Brute Bonnet\n|-resisted|p2b: Cetitan\n|-damage|p2a: Brute Bonnet|62\/100\n|-damage|p2b: Cetitan|57\/100\n|move|p2a: Brute Bonnet|Spore|p1b: Tyranitar\n|-status|p1b: Tyranitar|slp|[from] move: Spore\n|move|p1a: Armarouge|Trick Room|p1a: Armarouge\n|-fieldstart|move: Trick Room|[of] p1a: Armarouge\n|\n|-weather|Sandstorm|[upkeep]\n|-damage|p2a: Brute Bonnet|56\/100|[from] Sandstorm\n|upkeep\n|turn|2\n|\n|t:|1682307017\n|move|p2a: Brute Bonnet|Bullet Seed|p1b: Tyranitar\n|-supereffective|p1b: Tyranitar\n|-damage|p1b: Tyranitar|78\/100 slp\n|-supereffective|p1b: Tyranitar\n|-damage|p1b: Tyranitar|57\/100 slp\n|-supereffective|p1b: Tyranitar\n|-crit|p1b: Tyranitar\n|-damage|p1b: Tyranitar|24\/100 slp\n|-supereffective|p1b: Tyranitar\n|-damage|p1b: Tyranitar|3\/100 slp\n|-supereffective|p1b: Tyranitar\n|-damage|p1b: Tyranitar|0 fnt\n|faint|p1b: Tyranitar\n|-hitcount|p1: Tyranitar|5\n|move|p1a: Armarouge|Energy Ball|p2b: Cetitan\n|-supereffective|p2b: Cetitan\n|-damage|p2b: Cetitan|0 fnt\n|faint|p2b: Cetitan\n|\n|-weather|Sandstorm|[upkeep]\n|-damage|p2a: Brute Bonnet|50\/100|[from] Sandstorm\n|upkeep\n|\n|t:|1682307034\n|switch|p1b: Cacturne|Cacturne, L50, M|100\/100\n|switch|p2b: Abomasnow|Abomasnow, L50, F|100\/100\n|-weather|Snow|[from] ability: Snow Warning|[of] p2b: Abomasnow\n|turn|3\n|\n|t:|1682307052\n|move|p2a: Brute Bonnet|Sucker Punch|p1a: Armarouge\n|-damage|p1a: Armarouge|62\/100\n|move|p1b: Cacturne|Pin Missile|p2a: Brute Bonnet\n|-supereffective|p2a: Brute Bonnet\n|-damage|p2a: Brute Bonnet|23\/100\n|-supereffective|p2a: Brute Bonnet\n|-damage|p2a: Brute Bonnet|0 fnt\n|faint|p2a: Brute Bonnet\n|-end|p2a: Brute Bonnet|Protosynthesis|[silent]\n|-hitcount|p2: Brute Bonnet|2\n|move|p1a: Armarouge|Armor Cannon|p2b: Abomasnow\n|-supereffective|p2b: Abomasnow\n|-damage|p2b: Abomasnow|0 fnt\n|-unboost|p1a: Armarouge|def|1\n|-unboost|p1a: Armarouge|spd|1\n|faint|p2b: Abomasnow\n|\n|-weather|Snow|[upkeep]\n|upkeep\n|\n|t:|1682307063\n|switch|p2a: Iron Bundle|Iron Bundle, L50|100\/100\n|-enditem|p2a: Iron Bundle|Booster Energy\n|-activate|p2a: Iron Bundle|ability: Quark Drive|[fromitem]\n|-start|p2a: Iron Bundle|quarkdrivespe\n|turn|4\n|\n|t:|1682307075\n|move|p2a: Iron Bundle|Protect|p2a: Iron Bundle\n|-singleturn|p2a: Iron Bundle|Protect\n|move|p1b: Cacturne|Bullet Seed|p2a: Iron Bundle\n|-activate|p2a: Iron Bundle|move: Protect\n|move|p1a: Armarouge|Energy Ball|p2a: Iron Bundle\n|-activate|p2a: Iron Bundle|move: Protect\n|\n|-weather|Snow|[upkeep]\n|upkeep\n|turn|5\n|\n|t:|1682307083\n|move|p2a: Iron Bundle|Protect||[still]\n|-fail|p2a: Iron Bundle\n|move|p1b: Cacturne|Bullet Seed|p2a: Iron Bundle\n|-supereffective|p2a: Iron Bundle\n|-damage|p2a: Iron Bundle|76\/100\n|-supereffective|p2a: Iron Bundle\n|-damage|p2a: Iron Bundle|52\/100\n|-supereffective|p2a: Iron Bundle\n|-damage|p2a: Iron Bundle|29\/100\n|-supereffective|p2a: Iron Bundle\n|-damage|p2a: Iron Bundle|6\/100\n|-supereffective|p2a: Iron Bundle\n|-damage|p2a: Iron Bundle|0 fnt\n|faint|p2a: Iron Bundle\n|-end|p2a: Iron Bundle|Quark Drive|[silent]\n|-hitcount|p2: Iron Bundle|5\n|\n|win|UserOmega\n|raw|UserOmega's rating: 1445 → 1466<\/strong> (+21 for winning)\n|raw|turbronius's rating: 1457 → 1436<\/strong> (-21 for losing)\n|l|\u2606turbronius\n","uploadtime":1682307119,"views":29,"p1id":"useromega","p2id":"turbronius","formatid":"gen9vgc2023regulationc","rating":1436,"private":0,"password":""}