{"id":"gen9vgc2023regulationc-1859360618","p1":"Arcacagne","p2":"Waffles101","format":"[Gen 9] VGC 2023 Regulation C","log":"|j|\u2606Arcacagne\n|j|\u2606Waffles101\n|t:|1683447309\n|gametype|doubles\n|player|p1|Arcacagne|2|1076\n|player|p2|Waffles101|aromalady|1013\n|teamsize|p1|6\n|teamsize|p2|6\n|gen|9\n|tier|[Gen 9] VGC 2023 Regulation C\n|rated|\n|rule|Species Clause: Limit one of each Pok\u00e9mon\n|rule|Item Clause: Limit one of each item\n|clearpoke\n|poke|p1|Chi-Yu, L50|\n|poke|p1|Flutter Mane, L50|\n|poke|p1|Amoonguss, L50, M|\n|poke|p1|Palafin, L50, M|\n|poke|p1|Kingambit, L50, F|\n|poke|p1|Arcanine, L50, M|\n|poke|p2|Houndstone, L50, M|\n|poke|p2|Lycanroc, L50, M|\n|poke|p2|Rotom-Wash, L50|\n|poke|p2|Tyranitar, L50, F|\n|poke|p2|Gyarados, L50, F|\n|poke|p2|Garchomp, L50, F|\n|teampreview|4\nWaffles101 has agreed to open team sheets.\n|inactive|Battle timer is ON: inactive players will automatically lose when time's up. (requested by Arcacagne)\n|\n|t:|1683447345\n|start\n|switch|p1a: Chi-Yu|Chi-Yu, L50|100\/100\n|switch|p1b: Palafin|Palafin, L50, M|100\/100\n|switch|p2a: Garchomp|Garchomp, L50, F|100\/100\n|switch|p2b: Gyarados|Gyarados, L50, F|100\/100\n|-ability|p1a: Chi-Yu|Beads of Ruin\n|-ability|p2b: Gyarados|Intimidate|boost\n|-unboost|p1a: Chi-Yu|atk|1\n|-unboost|p1b: Palafin|atk|1\n|turn|1\n|\n|t:|1683447357\n|detailschange|p1b: Palafin|Palafin-Hero, L50, M\n|switch|p1b: Amoonguss|Amoonguss, L50, M|100\/100\n|move|p1a: Chi-Yu|Protect|p1a: Chi-Yu\n|-singleturn|p1a: Chi-Yu|Protect\n|move|p2a: Garchomp|Swords Dance|p2a: Garchomp\n|-boost|p2a: Garchomp|atk|2\n|move|p2b: Gyarados|Thunder Wave|p1b: Amoonguss\n|-status|p1b: Amoonguss|par\n|\n|upkeep\n|turn|2\n|inactive|Arcacagne has 30 seconds left.\n|inactive|Arcacagne has 20 seconds left.\n|\n|t:|1683447394\n|-terastallize|p1a: Chi-Yu|Water\n|move|p2a: Garchomp|Earthquake|p1a: Chi-Yu|[spread] p1a,p1b\n|-immune|p2b: Gyarados\n|-damage|p1a: Chi-Yu|4\/100\n|-damage|p1b: Amoonguss|34\/100 par\n|-enditem|p1b: Amoonguss|Sitrus Berry|[eat]\n|-heal|p1b: Amoonguss|58\/100 par|[from] item: Sitrus Berry\n|move|p1a: Chi-Yu|Dark Pulse|p2a: Garchomp\n|-damage|p2a: Garchomp|41\/100\n|move|p2b: Gyarados|Taunt|p1b: Amoonguss\n|-start|p1b: Amoonguss|move: Taunt\n|cant|p1b: Amoonguss|move: Taunt|Spore\n|\n|upkeep\n|turn|3\n|inactive|Waffles101 has 30 seconds left.\n|inactive|Waffles101 has 20 seconds left.\n|inactive|Waffles101 has 15 seconds left.\n|\n|t:|1683447439\n|move|p1a: Chi-Yu|Protect|p1a: Chi-Yu\n|-singleturn|p1a: Chi-Yu|Protect\n|move|p2a: Garchomp|Earthquake|p1b: Amoonguss|[spread] p1b\n|-activate|p1a: Chi-Yu|move: Protect\n|-immune|p2b: Gyarados\n|-damage|p1b: Amoonguss|0 fnt\n|faint|p1b: Amoonguss\n|move|p2b: Gyarados|Thunder Wave|p1a: Chi-Yu\n|-activate|p1a: Chi-Yu|move: Protect\n|\n|upkeep\n|\n|t:|1683447449\n|switch|p1b: Palafin|Palafin-Hero, L50, M|100\/100\n|-activate|p1b: Palafin|ability: Zero to Hero\n|turn|4\n|\n|t:|1683447469\n|move|p2a: Garchomp|Protect|p2a: Garchomp\n|-singleturn|p2a: Garchomp|Protect\n|move|p1b: Palafin|Jet Punch|p2a: Garchomp\n|-activate|p2a: Garchomp|move: Protect\n|move|p1a: Chi-Yu|Dark Pulse|p2b: Gyarados\n|-damage|p2b: Gyarados|65\/100\n|move|p2b: Gyarados|Thunder Wave|p1b: Palafin\n|-status|p1b: Palafin|par\n|\n|upkeep\n|turn|5\n|\n|t:|1683447484\n|cant|p1b: Palafin|par\n|move|p2a: Garchomp|Earthquake|p1b: Palafin|[spread] p1a,p1b\n|-immune|p2b: Gyarados\n|-damage|p1a: Chi-Yu|0 fnt\n|-damage|p1b: Palafin|23\/100 par\n|faint|p1a: Chi-Yu\n|move|p2b: Gyarados|Thunder Wave|p1b: Palafin\n|-fail|p1b: Palafin|par\n|\n|upkeep\n|\n|t:|1683447493\n|switch|p1a: Flutter Mane|Flutter Mane, L50|100\/100\n|-enditem|p1a: Flutter Mane|Booster Energy\n|-activate|p1a: Flutter Mane|ability: Protosynthesis|[fromitem]\n|-start|p1a: Flutter Mane|protosynthesisspa\n|turn|6\n|\n|t:|1683447507\n|-terastallize|p2b: Gyarados|Steel\n|move|p2a: Garchomp|Protect|p2a: Garchomp\n|-singleturn|p2a: Garchomp|Protect\n|move|p1b: Palafin|Jet Punch|p2a: Garchomp\n|-activate|p2a: Garchomp|move: Protect\n|move|p1a: Flutter Mane|Substitute|p1a: Flutter Mane\n|-start|p1a: Flutter Mane|Substitute\n|-damage|p1a: Flutter Mane|76\/100\n|move|p2b: Gyarados|Thunder Wave||[still]\n|-fail|p2b: Gyarados\n|\n|upkeep\n|turn|7\n|\n|t:|1683447522\n|move|p1b: Palafin|Jet Punch|p2a: Garchomp\n|-damage|p2a: Garchomp|0 fnt\n|faint|p2a: Garchomp\n|move|p1a: Flutter Mane|Shadow Ball|p2b: Gyarados\n|-damage|p2b: Gyarados|23\/100\n|-enditem|p2b: Gyarados|Sitrus Berry|[eat]\n|-heal|p2b: Gyarados|48\/100|[from] item: Sitrus Berry\n|move|p2b: Gyarados|Waterfall|p1a: Flutter Mane\n|-end|p1a: Flutter Mane|Substitute\n|\n|upkeep\n|\n|t:|1683447532\n|switch|p2a: Tyranitar|Tyranitar, L50, F|100\/100\n|-weather|Sandstorm|[from] ability: Sand Stream|[of] p2a: Tyranitar\n|turn|8\n|\n|t:|1683447540\n|move|p1b: Palafin|Protect|p1b: Palafin\n|-singleturn|p1b: Palafin|Protect\n|move|p1a: Flutter Mane|Substitute|p1a: Flutter Mane\n|-start|p1a: Flutter Mane|Substitute\n|-damage|p1a: Flutter Mane|51\/100\n|move|p2b: Gyarados|Waterfall|p1a: Flutter Mane\n|-end|p1a: Flutter Mane|Substitute\n|move|p2a: Tyranitar|Rock Slide|p1a: Flutter Mane|[spread] p1a\n|-activate|p1b: Palafin|move: Protect\n|-damage|p1a: Flutter Mane|8\/100\n|\n|-weather|Sandstorm|[upkeep]\n|-damage|p1a: Flutter Mane|2\/100|[from] Sandstorm\n|-damage|p1b: Palafin|17\/100 par|[from] Sandstorm\n|upkeep\n|turn|9\n|\n|t:|1683447560\n|cant|p1b: Palafin|par\n|move|p1a: Flutter Mane|Moonblast|p2a: Tyranitar\n|-supereffective|p2a: Tyranitar\n|-damage|p2a: Tyranitar|53\/100\n|move|p2b: Gyarados|Waterfall|p1b: Palafin\n|-resisted|p1b: Palafin\n|-damage|p1b: Palafin|0 fnt\n|faint|p1b: Palafin\n|move|p2a: Tyranitar|Rock Slide|p1a: Flutter Mane\n|-damage|p1a: Flutter Mane|0 fnt\n|faint|p1a: Flutter Mane\n|-end|p1a: Flutter Mane|Protosynthesis|[silent]\n|\n|win|Waffles101\n|raw|Arcacagne's rating: 1076 → 1051<\/strong> (-25 for losing)\n|raw|Waffles101's rating: 1013 → 1058<\/strong> (+45 for winning)\n","uploadtime":1683447573,"views":17,"p1id":"arcacagne","p2id":"waffles101","formatid":"gen9vgc2023regulationc","rating":1051,"private":0,"password":""}