{"id":"gen9vgc2023regulationc-1848980939","p1":"Snowblind Px","p2":"lagartolocura","format":"[Gen 9] VGC 2023 Regulation C","log":"|j|\u2606Snowblind Px\n|j|\u2606lagartolocura\n|t:|1682134151\n|gametype|doubles\n|player|p1|Snowblind Px|heroine2-conquest|\n|player|p2|lagartolocura|pokemaniac|\n|teamsize|p1|6\n|teamsize|p2|6\n|gen|9\n|tier|[Gen 9] VGC 2023 Regulation C\n|rule|Species Clause: Limit one of each Pok\u00e9mon\n|rule|Item Clause: Limit one of each item\n|clearpoke\n|poke|p1|Palafin, L50, M|\n|poke|p1|Flutter Mane, L50|\n|poke|p1|Arcanine, L50, M|\n|poke|p1|Amoonguss, L50, M|\n|poke|p1|Ting-Lu, L50|\n|poke|p1|Roaring Moon, L50|\n|poke|p2|Ting-Lu, L50|\n|poke|p2|Flutter Mane, L50|\n|poke|p2|Arcanine, L50, F|\n|poke|p2|Palafin, L50, M|\n|poke|p2|Annihilape, L50, F|\n|poke|p2|Maushold-Four, L50|\n|teampreview|4\nlagartolocura has agreed to open team sheets.\nSnowblind Px has agreed to open team sheets.\n|\n|t:|1682134214\n|start\n|switch|p1a: Palafin|Palafin, L50, M, shiny|100\/100\n|switch|p1b: Ting-Lu|Ting-Lu, L50|100\/100\n|switch|p2a: Arcanine|Arcanine, L50, F|100\/100\n|switch|p2b: Martin|Annihilape, L50, F|100\/100\n|-ability|p2a: Arcanine|Intimidate|boost\n|-unboost|p1a: Palafin|atk|1\n|-unboost|p1b: Ting-Lu|atk|1\n|-ability|p1b: Ting-Lu|Vessel of Ruin\n|turn|1\n|\n|t:|1682134226\n|move|p1a: Palafin|Protect|p1a: Palafin\n|-singleturn|p1a: Palafin|Protect\n|move|p2a: Arcanine|Will-O-Wisp|p1b: Ting-Lu\n|-status|p1b: Ting-Lu|brn\n|move|p2b: Martin|Bulk Up|p2b: Martin\n|-boost|p2b: Martin|atk|1\n|-boost|p2b: Martin|def|1\n|move|p1b: Ting-Lu|Fissure|p2b: Martin|[miss]\n|-miss|p1b: Ting-Lu|p2b: Martin\n|\n|-damage|p1b: Ting-Lu|94\/100 brn|[from] brn\n|upkeep\n|turn|2\n|\n|t:|1682134242\n|detailschange|p1a: Palafin|Palafin-Hero, L50, M, shiny\n|switch|p1a: Flutter Mane|Flutter Mane, L50|100\/100\n|move|p2b: Martin|Protect|p2b: Martin\n|-singleturn|p2b: Martin|Protect\n|move|p2a: Arcanine|Will-O-Wisp|p1a: Flutter Mane\n|-status|p1a: Flutter Mane|brn\n|move|p1b: Ting-Lu|Ruination|p2b: Martin\n|-activate|p2b: Martin|move: Protect\n|\n|-damage|p1a: Flutter Mane|94\/100 brn|[from] brn\n|-damage|p1b: Ting-Lu|88\/100 brn|[from] brn\n|upkeep\n|turn|3\n|\n|t:|1682134255\n|-terastallize|p1a: Flutter Mane|Fairy\n|-terastallize|p2b: Martin|Fire\n|move|p1a: Flutter Mane|Dazzling Gleam|p2a: Arcanine|[spread] p2a,p2b\n|-resisted|p2a: Arcanine\n|-resisted|p2b: Martin\n|-damage|p2a: Arcanine|74\/100\n|-damage|p2b: Martin|83\/100\n|move|p2a: Arcanine|Flare Blitz|p1a: Flutter Mane\n|-damage|p1a: Flutter Mane|12\/100 brn\n|-damage|p2a: Arcanine|50\/100|[from] Recoil\n|-enditem|p2a: Arcanine|Sitrus Berry|[eat]\n|-heal|p2a: Arcanine|75\/100|[from] item: Sitrus Berry\n|move|p2b: Martin|Drain Punch|p1b: Ting-Lu\n|-supereffective|p1b: Ting-Lu\n|-damage|p1b: Ting-Lu|25\/100 brn\n|-heal|p2b: Martin|100\/100|[from] drain|[of] p1b: Ting-Lu\n|move|p1b: Ting-Lu|Ruination|p2b: Martin|[miss]\n|-miss|p1b: Ting-Lu|p2b: Martin\n|\n|-damage|p1a: Flutter Mane|6\/100 brn|[from] brn\n|-damage|p1b: Ting-Lu|19\/100 brn|[from] brn\n|upkeep\n|turn|4\n|\n|t:|1682134272\n|move|p2a: Arcanine|Extreme Speed|p1a: Flutter Mane\n|-damage|p1a: Flutter Mane|0 fnt\n|faint|p1a: Flutter Mane\n|-end|p1a: Flutter Mane|Protosynthesis|[silent]\n|move|p2b: Martin|Drain Punch|p1b: Ting-Lu\n|-supereffective|p1b: Ting-Lu\n|-damage|p1b: Ting-Lu|0 fnt\n|faint|p1b: Ting-Lu\n|\n|upkeep\n|\n|t:|1682134275\n|switch|p1a: Arcanine|Arcanine, L50, M, shiny|100\/100\n|switch|p1b: Palafin|Palafin-Hero, L50, M, shiny|100\/100\n|-activate|p1b: Palafin|ability: Zero to Hero\n|-ability|p1a: Arcanine|Intimidate|boost\n|-unboost|p2a: Arcanine|atk|1\n|-unboost|p2b: Martin|atk|1\n|-ability|p2b: Martin|Defiant|boost\n|-boost|p2b: Martin|atk|2\n|turn|5\n|\n|t:|1682134290\n|move|p1a: Arcanine|Extreme Speed|p2a: Arcanine\n|-damage|p2a: Arcanine|52\/100\n|move|p2a: Arcanine|Will-O-Wisp|p1b: Palafin\n|-status|p1b: Palafin|brn\n|move|p1b: Palafin|Wave Crash|p2b: Martin\n|-supereffective|p2b: Martin\n|-damage|p2b: Martin|35\/100\n|-damage|p1b: Palafin|78\/100 brn|[from] Recoil\n|move|p2b: Martin|Rage Fist|p1a: Arcanine\n|-damage|p1a: Arcanine|0 fnt\n|faint|p1a: Arcanine\n|\n|-heal|p2b: Martin|41\/100|[from] item: Leftovers\n|-damage|p1b: Palafin|72\/100 brn|[from] brn\n|upkeep\n|turn|6\n|c|\u2606Snowblind Px|Xd\n|\n|t:|1682134303\n|switch|p2a: Michele|Maushold-Four, L50|100\/100\n|move|p2b: Martin|Protect|p2b: Martin\n|-singleturn|p2b: Martin|Protect\n|move|p1b: Palafin|Wave Crash|p2b: Martin\n|-activate|p2b: Martin|move: Protect\n|\n|-heal|p2b: Martin|48\/100|[from] item: Leftovers\n|-damage|p1b: Palafin|66\/100 brn|[from] brn\n|upkeep\n|turn|7\n|\n|t:|1682134306\n|move|p2a: Michele|Follow Me|p2a: Michele\n|-singleturn|p2a: Michele|move: Follow Me\n|move|p1b: Palafin|Wave Crash|p2a: Michele\n|-damage|p2a: Michele|40\/100\n|-damage|p1b: Palafin|49\/100 brn|[from] Recoil\n|move|p2b: Martin|Rage Fist|p1b: Palafin\n|-damage|p1b: Palafin|0 fnt\n|faint|p1b: Palafin\n|\n|win|lagartolocura\n|l|\u2606Snowblind Px\n","uploadtime":1682134310,"views":16,"p1id":"snowblindpx","p2id":"lagartolocura","formatid":"gen9vgc2023regulationc","rating":0,"private":0,"password":""}