{"id":"gen9vgc2023regulationc-1850897829","p1":"VGCcol","p2":"Marco Fettuccine","format":"[Gen 9] VGC 2023 Regulation C","log":"|j|\u2606VGCcol\n|j|\u2606Marco Fettuccine\n|t:|1682379730\n|gametype|doubles\n|player|p1|VGCcol|skyla|1156\n|player|p2|Marco Fettuccine|benga|1128\n|teamsize|p1|6\n|teamsize|p2|6\n|gen|9\n|tier|[Gen 9] VGC 2023 Regulation C\n|rated|\n|rule|Species Clause: Limit one of each Pok\u00e9mon\n|rule|Item Clause: Limit one of each item\n|clearpoke\n|poke|p1|Scizor, L50, F|\n|poke|p1|Maushold, L50|\n|poke|p1|Annihilape, L50, M|\n|poke|p1|Iron Moth, L50|\n|poke|p1|Flutter Mane, L50|\n|poke|p1|Brute Bonnet, L50|\n|poke|p2|Murkrow, L50, F|\n|poke|p2|Dragapult, L50, M|\n|poke|p2|Ceruledge, L50, F|\n|poke|p2|Flutter Mane, L50|\n|poke|p2|Iron Bundle, L50|\n|poke|p2|Amoonguss, L50, M|\n|teampreview|4\n|inactive|Battle timer is ON: inactive players will automatically lose when time's up. (requested by Marco Fettuccine)\n|\n|t:|1682379769\n|start\n|switch|p1a: Maushold|Maushold, L50|100\/100\n|switch|p1b: Annihilape|Annihilape, L50, M|100\/100\n|switch|p2a: Pavarotti|Flutter Mane, L50|100\/100\n|switch|p2b: er pinguino|Iron Bundle, L50|100\/100\n|-enditem|p2b: er pinguino|Booster Energy\n|-activate|p2b: er pinguino|ability: Quark Drive|[fromitem]\n|-start|p2b: er pinguino|quarkdrivespe\n|turn|1\n|inactive|VGCcol has 30 seconds left.\n|inactive|Marco Fettuccine has 30 seconds left.\n|inactive|VGCcol has 20 seconds left.\n|inactive|VGCcol has 15 seconds left.\n|\n|t:|1682379810\n|-terastallize|p2a: Pavarotti|Fairy\n|-terastallize|p1b: Annihilape|Fire\n|move|p1a: Maushold|Follow Me|p1a: Maushold\n|-singleturn|p1a: Maushold|move: Follow Me\n|move|p2b: er pinguino|Icy Wind|p1b: Annihilape|[spread] p1a,p1b\n|-resisted|p1b: Annihilape\n|-damage|p1a: Maushold|76\/100\n|-damage|p1b: Annihilape|94\/100\n|-unboost|p1a: Maushold|spe|1\n|-unboost|p1b: Annihilape|spe|1\n|-ability|p1b: Annihilape|Defiant|boost\n|-boost|p1b: Annihilape|atk|2\n|move|p2a: Pavarotti|Dazzling Gleam|p1a: Maushold|[spread] p1a,p1b\n|-resisted|p1b: Annihilape\n|-damage|p1a: Maushold|5\/100\n|-damage|p1b: Annihilape|76\/100\n|-enditem|p1a: Maushold|Sitrus Berry|[eat]\n|-heal|p1a: Maushold|30\/100|[from] item: Sitrus Berry\n|-damage|p2a: Pavarotti|90\/100|[from] item: Life Orb\n|move|p1b: Annihilape|Bulk Up|p1b: Annihilape\n|-boost|p1b: Annihilape|atk|1\n|-boost|p1b: Annihilape|def|1\n|\n|-heal|p1b: Annihilape|82\/100|[from] item: Leftovers\n|upkeep\n|turn|2\n|inactive|VGCcol has 30 seconds left.\n|inactive|Marco Fettuccine has 30 seconds left.\n|inactive|VGCcol has 20 seconds left.\n|inactive|Marco Fettuccine has 20 seconds left.\n|\n|t:|1682379848\n|move|p1a: Maushold|Protect|p1a: Maushold\n|-singleturn|p1a: Maushold|Protect\n|move|p2b: er pinguino|Freeze-Dry|p1a: Maushold\n|-activate|p1a: Maushold|move: Protect\n|move|p2a: Pavarotti|Thunderbolt|p1b: Annihilape\n|-damage|p1b: Annihilape|54\/100\n|-damage|p2a: Pavarotti|80\/100|[from] item: Life Orb\n|move|p1b: Annihilape|Drain Punch|p2b: er pinguino\n|-supereffective|p2b: er pinguino\n|-crit|p2b: er pinguino\n|-damage|p2b: er pinguino|0 fnt\n|-heal|p1b: Annihilape|85\/100|[from] drain|[of] p2b: er pinguino\n|faint|p2b: er pinguino\n|-end|p2b: er pinguino|Quark Drive|[silent]\n|\n|-heal|p1b: Annihilape|91\/100|[from] item: Leftovers\n|upkeep\n|inactive|Marco Fettuccine has 30 seconds left.\n|\n|t:|1682379879\n|switch|p2b: Wizz|Dragapult, L50, M, shiny|100\/100\n|turn|3\n|\n|t:|1682379894\n|move|p1a: Maushold|Follow Me|p1a: Maushold\n|-singleturn|p1a: Maushold|move: Follow Me\n|move|p2b: Wizz|Dragon Darts|p1a: Maushold\n|-damage|p1a: Maushold|0 fnt\n|faint|p1a: Maushold\n|move|p2a: Pavarotti|Shadow Ball|p1b: Annihilape\n|-damage|p1b: Annihilape|46\/100\n|-damage|p2a: Pavarotti|70\/100|[from] item: Life Orb\n|move|p1b: Annihilape|Rage Fist|p2a: Pavarotti\n|-damage|p2a: Pavarotti|0 fnt\n|faint|p2a: Pavarotti\n|-end|p2a: Pavarotti|Protosynthesis|[silent]\n|\n|-heal|p1b: Annihilape|53\/100|[from] item: Leftovers\n|upkeep\n|\n|t:|1682379917\n|switch|p2a: Zacchete|Ceruledge, L50, F|100\/100\n|switch|p1a: Flutter Mane|Flutter Mane, L50|100\/100\n|turn|4\n|\n|t:|1682379926\n|move|p1b: Annihilape|Protect|p1b: Annihilape\n|-singleturn|p1b: Annihilape|Protect\n|move|p2a: Zacchete|Shadow Sneak|p1a: Flutter Mane\n|-supereffective|p1a: Flutter Mane\n|-damage|p1a: Flutter Mane|8\/100\n|move|p2b: Wizz|Dragon Darts|p1b: Annihilape\n|-immune|p1a: Flutter Mane\n|move|p1a: Flutter Mane|Shadow Ball|p2b: Wizz\n|-supereffective|p2b: Wizz\n|-damage|p2b: Wizz|0 fnt\n|faint|p2b: Wizz\n|\n|-heal|p1b: Annihilape|59\/100|[from] item: Leftovers\n|upkeep\n|turn|5\n|-message|Marco Fettuccine forfeited.\n|\n|win|VGCcol\n|raw|VGCcol's rating: 1156 → 1179<\/strong> (+23 for winning)\n|raw|Marco Fettuccine's rating: 1128 → 1105<\/strong> (-23 for losing)\n|l|\u2606Marco Fettuccine\n","uploadtime":1682379951,"views":7,"p1id":"vgccol","p2id":"marcofettuccine","formatid":"gen9vgc2023regulationc","rating":1105,"private":0,"password":""}