{"id":"gen9vgc2023regulationc-1858019954","p1":"SavannahPandaVGC","p2":"Chi Chi Chi-Yu","format":"[Gen 9] VGC 2023 Regulation C","log":"|j|\u2606SavannahPandaVGC\n|j|\u2606Chi Chi Chi-Yu\n|t:|1683261352\n|gametype|doubles\n|player|p1|SavannahPandaVGC|2|1290\n|player|p2|Chi Chi Chi-Yu|giovanni|1376\n|teamsize|p1|6\n|teamsize|p2|6\n|gen|9\n|tier|[Gen 9] VGC 2023 Regulation C\n|rated|\n|rule|Species Clause: Limit one of each Pok\u00e9mon\n|rule|Item Clause: Limit one of each item\n|clearpoke\n|poke|p1|Flutter Mane, L50|\n|poke|p1|Iron Hands, L50|\n|poke|p1|Corviknight, L50, M|\n|poke|p1|Gyarados, L50, F|\n|poke|p1|Chi-Yu, L50|\n|poke|p1|Amoonguss, L50, M|\n|poke|p2|Flutter Mane, L50|\n|poke|p2|Amoonguss, L50, F|\n|poke|p2|Garchomp, L50, M|\n|poke|p2|Corviknight, L50, M|\n|poke|p2|Chi-Yu, L50|\n|poke|p2|Gyarados, L50, F|\n|teampreview|4\nSavannahPandaVGC has agreed to open team sheets.\n|inactive|Battle timer is ON: inactive players will automatically lose when time's up. (requested by SavannahPandaVGC)\nChi Chi Chi-Yu has agreed to open team sheets.\n|inactive|SavannahPandaVGC has 60 seconds left.\n|inactive|Chi Chi Chi-Yu has 60 seconds left.\n|j| masterrobvgc\n|inactive|SavannahPandaVGC has 30 seconds left.\n|inactive|SavannahPandaVGC has 20 seconds left.\n|inactive|SavannahPandaVGC has 15 seconds left.\n|inactive|SavannahPandaVGC has 10 seconds left.\n|inactive|SavannahPandaVGC has 5 seconds left.\n|\n|t:|1683261450\n|start\n|switch|p1a: Flutter Mane|Flutter Mane, L50|100\/100\n|switch|p1b: Iron Hands|Iron Hands, L50|100\/100\n|switch|p2a: Amoonguss|Amoonguss, L50, F|100\/100\n|switch|p2b: Chi-Yu|Chi-Yu, L50|100\/100\n|-ability|p2b: Chi-Yu|Beads of Ruin\n|turn|1\n|inactive|SavannahPandaVGC has 30 seconds left.\n|inactive|Chi Chi Chi-Yu has 30 seconds left.\n|inactive|SavannahPandaVGC has 20 seconds left.\n|inactive|SavannahPandaVGC has 15 seconds left.\n|inactive|Chi Chi Chi-Yu has 20 seconds left.\n|inactive|SavannahPandaVGC has 10 seconds left.\n|inactive|SavannahPandaVGC has 5 seconds left.\n|\n|t:|1683261503\n|switch|p2b: Gyarados|Gyarados, L50, F|100\/100\n|-ability|p2b: Gyarados|Intimidate|boost\n|-unboost|p1a: Flutter Mane|atk|1\n|-unboost|p1b: Iron Hands|atk|1\n|move|p1b: Iron Hands|Fake Out|p2a: Amoonguss\n|-damage|p2a: Amoonguss|90\/100\n|move|p1a: Flutter Mane|Psyshock|p2a: Amoonguss\n|-supereffective|p2a: Amoonguss\n|-damage|p2a: Amoonguss|19\/100\n|cant|p2a: Amoonguss|flinch\n|\n|upkeep\n|turn|2\n|\n|t:|1683261522\n|switch|p2b: Garchomp|Garchomp, L50, M|100\/100\n|switch|p2a: Chi-Yu|Chi-Yu, L50|100\/100\n|-ability|p2a: Chi-Yu|Beads of Ruin\n|move|p1a: Flutter Mane|Psyshock|p2a: Chi-Yu\n|-immune|p2a: Chi-Yu\n|move|p1b: Iron Hands|Wild Charge|p2b: Garchomp\n|-immune|p2b: Garchomp\n|\n|upkeep\n|turn|3\n|\n|t:|1683261542\n|-end|p1a: Flutter Mane|Protosynthesis|[silent]\n|switch|p1a: Gyarados|Gyarados, L50, F|100\/100\n|-ability|p1a: Gyarados|Intimidate|boost\n|-unboost|p2a: Chi-Yu|atk|1\n|-unboost|p2b: Garchomp|atk|1\n|switch|p2a: Gyarados|Gyarados, L50, F|100\/100\n|-ability|p2a: Gyarados|Intimidate|boost\n|-unboost|p1a: Gyarados|atk|1\n|-unboost|p1b: Iron Hands|atk|1\n|-end|p1b: Iron Hands|Quark Drive|[silent]\n|switch|p1b: Corviknight|Corviknight, L50, M|100\/100\n|move|p2b: Garchomp|Earthquake|p1a: Gyarados|[spread] \n|-immune|p2a: Gyarados\n|-immune|p1a: Gyarados\n|-immune|p1b: Corviknight\n|\n|upkeep\n|turn|4\n|l| masterrobvgc\n|inactive|SavannahPandaVGC has 30 seconds left.\n|inactive|SavannahPandaVGC has 20 seconds left.\n|inactive|SavannahPandaVGC has 15 seconds left.\n|inactive|SavannahPandaVGC has 10 seconds left.\n|\n|t:|1683261589\n|switch|p1a: Iron Hands|Iron Hands, L50|100\/100\n|move|p2b: Garchomp|Rock Slide|p1a: Iron Hands|[spread] p1a,p1b\n|-resisted|p1a: Iron Hands\n|-damage|p1a: Iron Hands|95\/100\n|-damage|p1b: Corviknight|86\/100\n|-damage|p2b: Garchomp|91\/100|[from] item: Life Orb\n|move|p2a: Gyarados|Thunder Wave|p1b: Corviknight\n|-status|p1b: Corviknight|par\n|move|p1b: Corviknight|Bulk Up|p1b: Corviknight\n|-boost|p1b: Corviknight|atk|1\n|-boost|p1b: Corviknight|def|1\n|\n|-heal|p1b: Corviknight|92\/100 par|[from] item: Leftovers\n|upkeep\n|turn|5\n|inactive|SavannahPandaVGC has 30 seconds left.\n|inactive|SavannahPandaVGC has 20 seconds left.\n|inactive|SavannahPandaVGC has 15 seconds left.\n|inactive|SavannahPandaVGC has 10 seconds left.\n|\n|t:|1683261635\n|switch|p2a: Amoonguss|Amoonguss, L50, F|52\/100\n|move|p2b: Garchomp|Rock Slide|p1a: Iron Hands|[spread] p1a,p1b\n|-resisted|p1a: Iron Hands\n|-damage|p1a: Iron Hands|90\/100\n|-damage|p1b: Corviknight|83\/100 par\n|-damage|p2b: Garchomp|81\/100|[from] item: Life Orb\n|cant|p1a: Iron Hands|flinch\n|move|p1b: Corviknight|Brave Bird|p2a: Amoonguss\n|-supereffective|p2a: Amoonguss\n|-damage|p2a: Amoonguss|0 fnt\n|faint|p2a: Amoonguss\n|-damage|p1b: Corviknight|65\/100 par|[from] Recoil\n|\n|-heal|p1b: Corviknight|71\/100 par|[from] item: Leftovers\n|upkeep\n|\n|t:|1683261653\n|switch|p2a: Chi-Yu|Chi-Yu, L50|100\/100\n|-ability|p2a: Chi-Yu|Beads of Ruin\n|turn|6\n|inactive|SavannahPandaVGC has 30 seconds left.\n|\n|t:|1683261682\n|switch|p1b: Gyarados|Gyarados, L50, F|100\/100\n|-ability|p1b: Gyarados|Intimidate|boost\n|-unboost|p2a: Chi-Yu|atk|1\n|-unboost|p2b: Garchomp|atk|1\n|-terastallize|p2a: Chi-Yu|Water\n|move|p2b: Garchomp|Rock Slide|p1b: Gyarados|[spread] p1b\n|-miss|p2b: Garchomp|p1a: Iron Hands\n|-supereffective|p1b: Gyarados\n|-damage|p1b: Gyarados|71\/100\n|-damage|p2b: Garchomp|72\/100|[from] item: Life Orb\n|move|p2a: Chi-Yu|Heat Wave|p1b: Gyarados|[spread] p1a,p1b\n|-resisted|p1b: Gyarados\n|-damage|p1a: Iron Hands|64\/100\n|-damage|p1b: Gyarados|52\/100\n|move|p1a: Iron Hands|Wild Charge|p2b: Garchomp\n|-immune|p2b: Garchomp\n|\n|upkeep\n|turn|7\n|-message|Chi Chi Chi-Yu forfeited.\n|\n|win|SavannahPandaVGC\n|raw|SavannahPandaVGC's rating: 1290 → 1321<\/strong> (+31 for winning)\n|raw|Chi Chi Chi-Yu's rating: 1376 → 1351<\/strong> (-25 for losing)\n|l|\u2606Chi Chi Chi-Yu\n","uploadtime":1683261703,"views":5,"p1id":"savannahpandavgc","p2id":"chichichiyu","formatid":"gen9vgc2023regulationc","rating":1321,"private":0,"password":""}