{"id":"gen9vgc2023regulationc-1849115637","p1":"Kianianian","p2":"VGCmenxinya","format":"[Gen 9] VGC 2023 Regulation C","log":"|j|\u2606Kianianian\n|j|\u2606VGCmenxinya\n|t:|1682158270\n|gametype|doubles\n|player|p1|Kianianian|lucas|1248\n|player|p2|VGCmenxinya|hilbert-wonderlauncher|1163\n|teamsize|p1|6\n|teamsize|p2|6\n|gen|9\n|tier|[Gen 9] VGC 2023 Regulation C\n|rated|\n|rule|Species Clause: Limit one of each Pok\u00e9mon\n|rule|Item Clause: Limit one of each item\n|clearpoke\n|poke|p1|Espathra, L50, M|\n|poke|p1|Flutter Mane, L50|\n|poke|p1|Glimmora, L50, F|\n|poke|p1|Sandy Shocks, L50|\n|poke|p1|Maushold, L50|\n|poke|p1|Grimmsnarl, L50, M|\n|poke|p2|Amoonguss, L50, F|\n|poke|p2|Arcanine, L50, F|\n|poke|p2|Palafin, L50, F|\n|poke|p2|Flutter Mane, L50|\n|poke|p2|Ting-Lu, L50|\n|poke|p2|Baxcalibur, L50, F|\n|teampreview|4\n|inactive|Battle timer is ON: inactive players will automatically lose when time's up. (requested by Kianianian)\n|inactive|VGCmenxinya has 60 seconds left.\n|inactive|VGCmenxinya has 30 seconds left.\n|\n|t:|1682158335\n|start\n|switch|p1a: Sandy Shocks|Sandy Shocks, L50|100\/100\n|switch|p1b: Espathra|Espathra, L50, M|100\/100\n|switch|p2a: Palafin|Palafin, L50, F|100\/100\n|switch|p2b: Baxcalibur|Baxcalibur, L50, F, shiny|100\/100\n|turn|1\n|\n|t:|1682158354\n|detailschange|p2a: Palafin|Palafin-Hero, L50, F\n|switch|p2a: Ting-Lu|Ting-Lu, L50|100\/100\n|-ability|p2a: Ting-Lu|Vessel of Ruin\n|move|p1a: Sandy Shocks|Gravity|p1a: Sandy Shocks\n|-fieldstart|move: Gravity\n|move|p1b: Espathra|Hypnosis|p2a: Ting-Lu\n|-status|p2a: Ting-Lu|slp|[from] move: Hypnosis\n|move|p2b: Baxcalibur|Icicle Crash|p1a: Sandy Shocks\n|-supereffective|p1a: Sandy Shocks\n|-damage|p1a: Sandy Shocks|0 fnt\n|faint|p1a: Sandy Shocks\n|-end|p1a: Sandy Shocks|Protosynthesis|[silent]\n|\n|-ability|p1b: Espathra|Speed Boost|boost\n|-boost|p1b: Espathra|spe|1\n|upkeep\n|\n|t:|1682158363\n|switch|p1a: Flutter Mane|Flutter Mane, L50|100\/100\n|-enditem|p1a: Flutter Mane|Booster Energy\n|-activate|p1a: Flutter Mane|ability: Protosynthesis|[fromitem]\n|-start|p1a: Flutter Mane|protosynthesisspa\n|turn|2\n|\n|t:|1682158373\n|-terastallize|p1a: Flutter Mane|Fairy\n|-terastallize|p2b: Baxcalibur|Poison\n|cant|p2a: Ting-Lu|slp\n|move|p1b: Espathra|Hypnosis|p2b: Baxcalibur\n|-status|p2b: Baxcalibur|slp|[from] move: Hypnosis\n|move|p1a: Flutter Mane|Dazzling Gleam|p2a: Ting-Lu|[spread] p2a,p2b\n|-supereffective|p2a: Ting-Lu\n|-resisted|p2b: Baxcalibur\n|-damage|p2a: Ting-Lu|52\/100 slp\n|-damage|p2b: Baxcalibur|80\/100 slp\n|cant|p2b: Baxcalibur|slp\n|\n|-heal|p2a: Ting-Lu|58\/100 slp|[from] item: Leftovers\n|-ability|p1b: Espathra|Speed Boost|boost\n|-boost|p1b: Espathra|spe|1\n|upkeep\n|turn|3\n|\n|t:|1682158396\n|cant|p2b: Baxcalibur|slp\n|move|p1b: Espathra|Lumina Crash|p2b: Baxcalibur\n|-supereffective|p2b: Baxcalibur\n|-damage|p2b: Baxcalibur|31\/100 slp\n|move|p1a: Flutter Mane|Dazzling Gleam|p2a: Ting-Lu|[spread] p2a,p2b\n|-supereffective|p2a: Ting-Lu\n|-resisted|p2b: Baxcalibur\n|-damage|p2a: Ting-Lu|9\/100 slp\n|-damage|p2b: Baxcalibur|10\/100 slp\n|-curestatus|p2a: Ting-Lu|slp|[msg]\n|move|p2a: Ting-Lu|Heavy Slam|p1a: Flutter Mane\n|-supereffective|p1a: Flutter Mane\n|-damage|p1a: Flutter Mane|0 fnt\n|faint|p1a: Flutter Mane\n|-end|p1a: Flutter Mane|Protosynthesis|[silent]\n|\n|-heal|p2a: Ting-Lu|15\/100|[from] item: Leftovers\n|-ability|p1b: Espathra|Speed Boost|boost\n|-boost|p1b: Espathra|spe|1\n|upkeep\n|\n|t:|1682158407\n|switch|p1a: Maushold|Maushold, L50|100\/100\n|turn|4\n|\n|t:|1682158425\n|move|p2a: Ting-Lu|Protect|p2a: Ting-Lu\n|-singleturn|p2a: Ting-Lu|Protect\n|move|p1b: Espathra|Hypnosis|p2a: Ting-Lu\n|-activate|p2a: Ting-Lu|move: Protect\n|move|p1a: Maushold|Population Bomb|p2b: Baxcalibur\n|-damage|p2b: Baxcalibur|5\/100 slp\n|-damage|p2b: Baxcalibur|0 fnt\n|faint|p2b: Baxcalibur\n|-hitcount|p2: Baxcalibur|2\n|\n|-heal|p2a: Ting-Lu|21\/100|[from] item: Leftovers\n|-ability|p1b: Espathra|Speed Boost|boost\n|-boost|p1b: Espathra|spe|1\n|upkeep\n|\n|t:|1682158440\n|switch|p2b: Palafin|Palafin-Hero, L50, F|100\/100\n|-activate|p2b: Palafin|ability: Zero to Hero\n|turn|5\n|\n|t:|1682158449\n|move|p2b: Palafin|Protect|p2b: Palafin\n|-singleturn|p2b: Palafin|Protect\n|move|p2a: Ting-Lu|Protect||[still]\n|-fail|p2a: Ting-Lu\n|move|p1b: Espathra|Hypnosis|p2b: Palafin\n|-activate|p2b: Palafin|move: Protect\n|move|p1a: Maushold|Population Bomb|p2a: Ting-Lu\n|-damage|p2a: Ting-Lu|18\/100\n|-damage|p2a: Ting-Lu|14\/100\n|-damage|p2a: Ting-Lu|11\/100\n|-damage|p2a: Ting-Lu|7\/100\n|-damage|p2a: Ting-Lu|4\/100\n|-damage|p2a: Ting-Lu|0 fnt\n|faint|p2a: Ting-Lu\n|-hitcount|p2: Ting-Lu|6\n|\n|-fieldend|move: Gravity\n|-ability|p1b: Espathra|Speed Boost|boost\n|-boost|p1b: Espathra|spe|1\n|upkeep\n|\n|t:|1682158460\n|switch|p2a: Flutter Mane|Flutter Mane, L50|100\/100\n|turn|6\n|inactive|Kianianian has 30 seconds left.\n|\n|t:|1682158493\n|move|p2b: Palafin|Jet Punch|p1b: Espathra\n|-damage|p1b: Espathra|38\/100\n|move|p1b: Espathra|Hypnosis|p2a: Flutter Mane|[miss]\n|-miss|p1b: Espathra|p2a: Flutter Mane\n|move|p2a: Flutter Mane|Dazzling Gleam|p1b: Espathra|[spread] p1a,p1b\n|-damage|p1a: Maushold|42\/100\n|-damage|p1b: Espathra|0 fnt\n|faint|p1b: Espathra\n|move|p1a: Maushold|Population Bomb|p2b: Palafin\n|-damage|p2b: Palafin|96\/100\n|-damage|p2b: Palafin|91\/100\n|-hitcount|p2b: Palafin|2\n|\n|upkeep\n|turn|7\n|-message|Kianianian forfeited.\n|\n|win|VGCmenxinya\n|raw|Kianianian's rating: 1248 → 1217<\/strong> (-31 for losing)\n|raw|VGCmenxinya's rating: 1163 → 1194<\/strong> (+31 for winning)\n|l|\u2606Kianianian\n","uploadtime":1682158512,"views":13,"p1id":"kianianian","p2id":"vgcmenxinya","formatid":"gen9vgc2023regulationc","rating":1194,"private":0,"password":""}