{"id":"gen9vgc2023regulationc-1856044171","p1":"Kangourou1234","p2":"Insertable194","format":"[Gen 9] VGC 2023 Regulation C","log":"|j|\u2606Kangourou1234\n|j|\u2606Insertable194\n|t:|1683022284\n|gametype|doubles\n|player|p1|Kangourou1234|volo|1438\n|player|p2|Insertable194|102|1437\n|teamsize|p1|6\n|teamsize|p2|6\n|gen|9\n|tier|[Gen 9] VGC 2023 Regulation C\n|rated|\n|rule|Species Clause: Limit one of each Pok\u00e9mon\n|rule|Item Clause: Limit one of each item\n|clearpoke\n|poke|p1|Flutter Mane, L50|\n|poke|p1|Palafin, L50, M|\n|poke|p1|Arcanine, L50, M|\n|poke|p1|Ting-Lu, L50|\n|poke|p1|Amoonguss, L50, M|\n|poke|p1|Kingambit, L50, M|\n|poke|p2|Pelipper, L50, F|\n|poke|p2|Palafin, L50, M|\n|poke|p2|Flutter Mane, L50|\n|poke|p2|Chien-Pao, L50|\n|poke|p2|Arcanine, L50, M|\n|poke|p2|Amoonguss, L50, F|\n|teampreview|4\nInsertable194 has agreed to open team sheets.\n|inactive|Battle timer is ON: inactive players will automatically lose when time's up. (requested by Insertable194)\nKangourou1234 has agreed to open team sheets.\n|j| Chedda Bawls\n|inactive|Kangourou1234 has 60 seconds left.\n|inactive|Kangourou1234 has 30 seconds left.\n|inactive|Kangourou1234 has 20 seconds left.\n|inactive|Kangourou1234 has 15 seconds left.\n|inactive|Kangourou1234 has 10 seconds left.\n|inactive|Kangourou1234 has 5 seconds left.\n|\n|t:|1683022375\n|start\n|switch|p1a: Palafin|Palafin, L50, M|100\/100\n|switch|p1b: Karen|Flutter Mane, L50, shiny|100\/100\n|switch|p2a: Amoonguss|Amoonguss, L50, F|100\/100\n|switch|p2b: Palafin|Palafin, L50, M|100\/100\n|turn|1\n|\n|t:|1683022389\n|-end|p1b: Karen|Protosynthesis|[silent]\n|switch|p1b: SUSSY!!!|Amoonguss, L50, M, shiny|100\/100\n|detailschange|p2b: Palafin|Palafin-Hero, L50, M\n|switch|p2b: Pelipper|Pelipper, L50, F|100\/100\n|-weather|RainDance|[from] ability: Drizzle|[of] p2b: Pelipper\n|detailschange|p1a: Palafin|Palafin-Hero, L50, M\n|switch|p1a: Arcanine|Arcanine, L50, M|100\/100\n|-ability|p1a: Arcanine|Intimidate|boost\n|-unboost|p2a: Amoonguss|atk|1\n|-unboost|p2b: Pelipper|atk|1\n|move|p2a: Amoonguss|Spore|p1b: SUSSY!!!\n|-immune|p1b: SUSSY!!!\n|\n|-weather|RainDance|[upkeep]\n|upkeep\n|turn|2\n|inactive|Kangourou1234 has 30 seconds left.\n|inactive|Insertable194 has 30 seconds left.\n|inactive|Kangourou1234 has 20 seconds left.\n|inactive|Insertable194 has 20 seconds left.\n|inactive|Kangourou1234 has 15 seconds left.\n|inactive|Kangourou1234 has 10 seconds left.\n|\n|t:|1683022435\n|switch|p1a: Palafin|Palafin-Hero, L50, M|100\/100\n|-activate|p1a: Palafin|ability: Zero to Hero\n|-terastallize|p2b: Pelipper|Grass\n|move|p2b: Pelipper|Hydro Pump|p1a: Palafin\n|-resisted|p1a: Palafin\n|-damage|p1a: Palafin|63\/100\n|move|p1b: SUSSY!!!|Spore|p2b: Pelipper\n|-immune|p2b: Pelipper\n|move|p2a: Amoonguss|Spore|p1b: SUSSY!!!\n|-immune|p1b: SUSSY!!!\n|\n|-weather|RainDance|[upkeep]\n|upkeep\n|turn|3\n|inactive|Kangourou1234 has 30 seconds left.\n|inactive|Kangourou1234 has 20 seconds left.\n|inactive|Kangourou1234 has 15 seconds left.\n|inactive|Kangourou1234 has 10 seconds left.\n|\n|t:|1683022481\n|switch|p1b: Arcanine|Arcanine, L50, M|100\/100\n|-ability|p1b: Arcanine|Intimidate|boost\n|-unboost|p2a: Amoonguss|atk|1\n|-unboost|p2b: Pelipper|atk|1\n|move|p1a: Palafin|Protect|p1a: Palafin\n|-singleturn|p1a: Palafin|Protect\n|move|p2b: Pelipper|Hurricane|p1b: Arcanine\n|-damage|p1b: Arcanine|46\/100\n|-start|p1b: Arcanine|confusion\n|move|p2a: Amoonguss|Spore|p1a: Palafin\n|-activate|p1a: Palafin|move: Protect\n|\n|-weather|RainDance|[upkeep]\n|upkeep\n|turn|4\n|\n|t:|1683022498\n|-terastallize|p1a: Palafin|Water\n|-activate|p1b: Arcanine|confusion\n|-damage|p1b: Arcanine|35\/100|[from] confusion\n|move|p1a: Palafin|Wave Crash|p2a: Amoonguss\n|-resisted|p2a: Amoonguss\n|-damage|p2a: Amoonguss|29\/100\n|-enditem|p2a: Amoonguss|Sitrus Berry|[eat]\n|-heal|p2a: Amoonguss|54\/100|[from] item: Sitrus Berry\n|-damage|p1a: Palafin|37\/100|[from] Recoil\n|move|p2b: Pelipper|Hurricane|p1b: Arcanine\n|-damage|p1b: Arcanine|0 fnt\n|faint|p1b: Arcanine\n|move|p2a: Amoonguss|Spore|p1a: Palafin\n|-status|p1a: Palafin|slp|[from] move: Spore\n|\n|-weather|RainDance|[upkeep]\n|upkeep\n|\n|t:|1683022520\n|switch|p1b: Karen|Flutter Mane, L50, shiny|100\/100\n|turn|5\n|\n|t:|1683022535\n|switch|p2a: Chien-Pao|Chien-Pao, L50|100\/100\n|-ability|p2a: Chien-Pao|Sword of Ruin\n|move|p1b: Karen|Shadow Ball|p2a: Chien-Pao\n|-resisted|p2a: Chien-Pao\n|-damage|p2a: Chien-Pao|52\/100\n|cant|p1a: Palafin|slp\n|move|p2b: Pelipper|Hurricane|p1a: Palafin\n|-damage|p1a: Palafin|0 fnt\n|faint|p1a: Palafin\n|\n|-weather|none\n|upkeep\n|-message|Kangourou1234 forfeited.\n|\n|win|Insertable194\n|raw|Kangourou1234's rating: 1438 → 1418<\/strong> (-20 for losing)\n|raw|Insertable194's rating: 1437 → 1457<\/strong> (+20 for winning)\n|l|\u2606Kangourou1234\n","uploadtime":1683022552,"views":9,"p1id":"kangourou1234","p2id":"insertable194","formatid":"gen9vgc2023regulationc","rating":1418,"private":0,"password":""}