{"id":"gen9vgc2023regulationc-1850883336","p1":"BolaDeHielo","p2":"RamonTheKiller","format":"[Gen 9] VGC 2023 Regulation C","log":"|j|\u2606BolaDeHielo\n|j|\u2606RamonTheKiller\n|t:|1682378027\n|gametype|doubles\n|player|p1|BolaDeHielo|170|1018\n|player|p2|RamonTheKiller|265|1106\n|teamsize|p1|6\n|teamsize|p2|6\n|gen|9\n|tier|[Gen 9] VGC 2023 Regulation C\n|rated|\n|rule|Species Clause: Limit one of each Pok\u00e9mon\n|rule|Item Clause: Limit one of each item\n|clearpoke\n|poke|p1|Arcanine, L50, F|\n|poke|p1|Palafin, L50, F|\n|poke|p1|Flutter Mane, L50|\n|poke|p1|Roaring Moon, L50|\n|poke|p1|Ting-Lu, L50|\n|poke|p1|Amoonguss, L50, M|\n|poke|p2|Ting-Lu, L50|\n|poke|p2|Corviknight, L50, M|\n|poke|p2|Gyarados, L50, F|\n|poke|p2|Amoonguss, L50, F|\n|poke|p2|Maushold-Four, L50|\n|poke|p2|Dragonite, L50, M|\n|teampreview|4\n|j| sturdybergmite\n|inactive|Battle timer is ON: inactive players will automatically lose when time's up. (requested by RamonTheKiller)\n|\n|t:|1682378127\n|start\n|switch|p1a: Arcanine|Arcanine, L50, F|100\/100\n|switch|p1b: Flutter Mane|Flutter Mane, L50|100\/100\n|switch|p2a: Ting-Lu|Ting-Lu, L50|100\/100\n|switch|p2b: Gyarados|Gyarados, L50, F|100\/100\n|-ability|p2b: Gyarados|Intimidate|boost\n|-unboost|p1a: Arcanine|atk|1\n|-unboost|p1b: Flutter Mane|atk|1\n|-ability|p1a: Arcanine|Intimidate|boost\n|-unboost|p2a: Ting-Lu|atk|1\n|-unboost|p2b: Gyarados|atk|1\n|-ability|p2a: Ting-Lu|Vessel of Ruin\n|turn|1\n|\n|t:|1682378150\n|-end|p1b: Flutter Mane|Protosynthesis|[silent]\n|switch|p1b: Amoonguss|Amoonguss, L50, M|100\/100\n|move|p2a: Ting-Lu|Protect|p2a: Ting-Lu\n|-singleturn|p2a: Ting-Lu|Protect\n|move|p2b: Gyarados|Thunder Wave|p1a: Arcanine\n|-status|p1a: Arcanine|par\n|move|p1a: Arcanine|Will-O-Wisp|p2a: Ting-Lu\n|-activate|p2a: Ting-Lu|move: Protect\n|\n|upkeep\n|turn|2\n|inactive|RamonTheKiller has 30 seconds left.\n|\n|t:|1682378183\n|-terastallize|p2a: Ting-Lu|Fire\n|move|p2b: Gyarados|Taunt|p1b: Amoonguss\n|-start|p1b: Amoonguss|move: Taunt\n|move|p1a: Arcanine|Will-O-Wisp|p2a: Ting-Lu\n|-immune|p2a: Ting-Lu\n|move|p2a: Ting-Lu|Substitute|p2a: Ting-Lu\n|-start|p2a: Ting-Lu|Substitute\n|-damage|p2a: Ting-Lu|76\/100\n|cant|p1b: Amoonguss|move: Taunt|Spore\n|\n|-heal|p2a: Ting-Lu|82\/100|[from] item: Leftovers\n|upkeep\n|turn|3\n|\n|t:|1682378207\n|switch|p1b: Roaring Moon|Roaring Moon, L50|100\/100\n|-enditem|p1b: Roaring Moon|Booster Energy\n|-activate|p1b: Roaring Moon|ability: Protosynthesis|[fromitem]\n|-start|p1b: Roaring Moon|protosynthesisatk\n|move|p2b: Gyarados|Thunder Wave|p1b: Roaring Moon\n|-status|p1b: Roaring Moon|par\n|move|p2a: Ting-Lu|Body Press|p1a: Arcanine\n|-damage|p1a: Arcanine|68\/100 par\n|move|p1a: Arcanine|Will-O-Wisp|p2b: Gyarados|[miss]\n|-miss|p1a: Arcanine|p2b: Gyarados\n|\n|-heal|p2a: Ting-Lu|88\/100|[from] item: Leftovers\n|upkeep\n|turn|4\n|inactive|BolaDeHielo has 30 seconds left.\n|inactive|RamonTheKiller has 30 seconds left.\n|inactive|BolaDeHielo has 20 seconds left.\n|\n|t:|1682378247\n|switch|p2b: Dragonite|Dragonite, L50, M|100\/100\n|move|p1b: Roaring Moon|Throat Chop|p2a: Ting-Lu\n|-activate|p2a: Ting-Lu|move: Substitute|[damage]\n|move|p2a: Ting-Lu|Body Press|p1a: Arcanine\n|-damage|p1a: Arcanine|37\/100 par\n|move|p1a: Arcanine|Will-O-Wisp|p2b: Dragonite\n|-status|p2b: Dragonite|brn\n|\n|-heal|p2a: Ting-Lu|94\/100|[from] item: Leftovers\n|-damage|p2b: Dragonite|95\/100 brn|[from] brn\n|upkeep\n|turn|5\n|inactive|BolaDeHielo has 30 seconds left.\n|\n|t:|1682378273\n|move|p2b: Dragonite|Ice Spinner|p1b: Roaring Moon\n|-supereffective|p1b: Roaring Moon\n|-damage|p1b: Roaring Moon|57\/100 par\n|move|p1b: Roaring Moon|Acrobatics|p2b: Dragonite\n|-damage|p2b: Dragonite|31\/100 brn\n|move|p1a: Arcanine|Flare Blitz|p2a: Ting-Lu\n|-resisted|p2a: Ting-Lu\n|-end|p2a: Ting-Lu|Substitute\n|-damage|p1a: Arcanine|37\/100 par|[from] Recoil|[of] p2a: Ting-Lu\n|move|p2a: Ting-Lu|Body Press|p1a: Arcanine\n|-damage|p1a: Arcanine|5\/100 par\n|\n|-heal|p2a: Ting-Lu|99\/100|[from] item: Leftovers\n|-damage|p2b: Dragonite|25\/100 brn|[from] brn\n|upkeep\n|turn|6\n|\n|t:|1682378288\n|move|p1b: Roaring Moon|Protect|p1b: Roaring Moon\n|-singleturn|p1b: Roaring Moon|Protect\n|move|p2b: Dragonite|Extreme Speed|p1a: Arcanine\n|-damage|p1a: Arcanine|0 fnt\n|faint|p1a: Arcanine\n|move|p2a: Ting-Lu|Substitute|p2a: Ting-Lu\n|-start|p2a: Ting-Lu|Substitute\n|-damage|p2a: Ting-Lu|75\/100\n|\n|-heal|p2a: Ting-Lu|81\/100|[from] item: Leftovers\n|-damage|p2b: Dragonite|19\/100 brn|[from] brn\n|upkeep\n|\n|t:|1682378304\n|switch|p1a: Flutter Mane|Flutter Mane, L50|100\/100\n|turn|7\n|\n|t:|1682378326\n|move|p2b: Dragonite|Extreme Speed|p1b: Roaring Moon\n|-damage|p1b: Roaring Moon|37\/100 par\n|move|p1a: Flutter Mane|Dazzling Gleam|p2a: Ting-Lu|[spread] p2a,p2b\n|-resisted|p2a: Ting-Lu\n|-activate|p2a: Ting-Lu|move: Substitute|[damage]\n|-supereffective|p2b: Dragonite\n|-damage|p2b: Dragonite|0 fnt\n|faint|p2b: Dragonite\n|move|p1b: Roaring Moon|Throat Chop|p2a: Ting-Lu\n|-end|p2a: Ting-Lu|Substitute\n|move|p2a: Ting-Lu|Earth Power|p1a: Flutter Mane\n|-damage|p1a: Flutter Mane|82\/100\n|\n|-heal|p2a: Ting-Lu|88\/100|[from] item: Leftovers\n|upkeep\n|\n|t:|1682378341\n|switch|p2b: Gyarados|Gyarados, L50, F|100\/100\n|-ability|p2b: Gyarados|Intimidate|boost\n|-unboost|p1a: Flutter Mane|atk|1\n|-unboost|p1b: Roaring Moon|atk|1\n|turn|8\n|\n|t:|1682378361\n|-end|p1a: Flutter Mane|Protosynthesis|[silent]\n|switch|p1a: Amoonguss|Amoonguss, L50, M|100\/100\n|move|p2a: Ting-Lu|Protect|p2a: Ting-Lu\n|-singleturn|p2a: Ting-Lu|Protect\n|move|p2b: Gyarados|Thunder Wave|p1a: Amoonguss\n|-status|p1a: Amoonguss|par\n|move|p1b: Roaring Moon|Throat Chop|p2b: Gyarados\n|-damage|p2b: Gyarados|46\/100\n|-start|p2b: Gyarados|Throat Chop|[silent]\n|\n|-heal|p2a: Ting-Lu|94\/100|[from] item: Leftovers\n|upkeep\n|turn|9\n|\n|t:|1682378378\n|switch|p2a: Amoonguss|Amoonguss, L50, F|100\/100\n|move|p1a: Amoonguss|Rage Powder|p1a: Amoonguss\n|-singleturn|p1a: Amoonguss|move: Rage Powder\n|move|p2b: Gyarados|Taunt|p1a: Amoonguss\n|-start|p1a: Amoonguss|move: Taunt\n|move|p1b: Roaring Moon|Throat Chop|p2b: Gyarados\n|-damage|p2b: Gyarados|0 fnt\n|faint|p2b: Gyarados\n|\n|upkeep\n|\n|t:|1682378387\n|switch|p2b: Ting-Lu|Ting-Lu, L50, tera:Fire|94\/100\n|-ability|p2b: Ting-Lu|Vessel of Ruin\n|turn|10\n|\n|t:|1682378401\n|move|p1b: Roaring Moon|Acrobatics|p2a: Amoonguss\n|-supereffective|p2a: Amoonguss\n|-damage|p2a: Amoonguss|34\/100\n|-enditem|p2a: Amoonguss|Sitrus Berry|[eat]\n|-heal|p2a: Amoonguss|58\/100|[from] item: Sitrus Berry\n|move|p2b: Ting-Lu|Substitute|p2b: Ting-Lu\n|-start|p2b: Ting-Lu|Substitute\n|-damage|p2b: Ting-Lu|69\/100\n|move|p2a: Amoonguss|Pollen Puff|p2b: Ting-Lu\n|-heal|p2b: Ting-Lu|100\/100\n|move|p1a: Amoonguss|Pollen Puff|p2a: Amoonguss\n|-damage|p2a: Amoonguss|47\/100\n|\n|upkeep\n|turn|11\n|\n|t:|1682378424\n|move|p1b: Roaring Moon|Acrobatics|p2a: Amoonguss\n|-supereffective|p2a: Amoonguss\n|-damage|p2a: Amoonguss|0 fnt\n|faint|p2a: Amoonguss\n|move|p2b: Ting-Lu|Body Press|p1b: Roaring Moon\n|-supereffective|p1b: Roaring Moon\n|-damage|p1b: Roaring Moon|0 fnt\n|faint|p1b: Roaring Moon\n|-end|p1b: Roaring Moon|Protosynthesis|[silent]\n|move|p1a: Amoonguss|Pollen Puff|p1: Roaring Moon|[notarget]\n|-fail|p1a: Amoonguss\n|\n|upkeep\n|\n|t:|1682378431\n|switch|p1b: Flutter Mane|Flutter Mane, L50|82\/100\n|turn|12\n|\n|t:|1682378446\n|-terastallize|p1b: Flutter Mane|Water\n|move|p1b: Flutter Mane|Moonblast|p2b: Ting-Lu\n|-resisted|p2b: Ting-Lu\n|-activate|p2b: Ting-Lu|move: Substitute|[damage]\n|move|p2b: Ting-Lu|Earth Power|p1a: Amoonguss\n|-damage|p1a: Amoonguss|84\/100 par\n|move|p1a: Amoonguss|Pollen Puff|p2b: Ting-Lu\n|-resisted|p2b: Ting-Lu\n|-end|p2b: Ting-Lu|Substitute\n|\n|-end|p1a: Amoonguss|move: Taunt\n|upkeep\n|turn|13\n|\n|t:|1682378463\n|move|p1b: Flutter Mane|Moonblast|p2b: Ting-Lu\n|-resisted|p2b: Ting-Lu\n|-damage|p2b: Ting-Lu|78\/100\n|move|p2b: Ting-Lu|Body Press|p1b: Flutter Mane\n|-damage|p1b: Flutter Mane|32\/100\n|move|p1a: Amoonguss|Spore|p2b: Ting-Lu\n|-status|p2b: Ting-Lu|slp|[from] move: Spore\n|\n|-heal|p2b: Ting-Lu|84\/100 slp|[from] item: Leftovers\n|upkeep\n|turn|14\n|\n|t:|1682378474\n|move|p1b: Flutter Mane|Moonblast|p1a: Amoonguss\n|-resisted|p1a: Amoonguss\n|-damage|p1a: Amoonguss|65\/100 par\n|-unboost|p1a: Amoonguss|spa|1\n|cant|p2b: Ting-Lu|slp\n|move|p1a: Amoonguss|Pollen Puff|p1b: Flutter Mane\n|-heal|p1b: Flutter Mane|82\/100\n|\n|-heal|p2b: Ting-Lu|90\/100 slp|[from] item: Leftovers\n|upkeep\n|turn|15\n|\n|t:|1682378493\n|move|p1b: Flutter Mane|Moonblast|p2b: Ting-Lu\n|-resisted|p2b: Ting-Lu\n|-damage|p2b: Ting-Lu|67\/100 slp\n|-curestatus|p2b: Ting-Lu|slp|[msg]\n|move|p2b: Ting-Lu|Body Press|p1b: Flutter Mane\n|-damage|p1b: Flutter Mane|34\/100\n|cant|p1a: Amoonguss|par\n|\n|-heal|p2b: Ting-Lu|73\/100|[from] item: Leftovers\n|upkeep\n|turn|16\n|inactive|BolaDeHielo has 30 seconds left.\n|\n|t:|1682378522\n|move|p1a: Amoonguss|Rage Powder|p1a: Amoonguss\n|-singleturn|p1a: Amoonguss|move: Rage Powder\n|move|p1b: Flutter Mane|Moonblast|p2b: Ting-Lu\n|-resisted|p2b: Ting-Lu\n|-damage|p2b: Ting-Lu|53\/100\n|move|p2b: Ting-Lu|Body Press|p1a: Amoonguss\n|-resisted|p1a: Amoonguss\n|-damage|p1a: Amoonguss|53\/100 par\n|\n|-heal|p2b: Ting-Lu|59\/100|[from] item: Leftovers\n|upkeep\n|turn|17\n|\n|t:|1682378541\n|move|p1a: Amoonguss|Rage Powder|p1a: Amoonguss\n|-singleturn|p1a: Amoonguss|move: Rage Powder\n|move|p1b: Flutter Mane|Moonblast|p2b: Ting-Lu\n|-resisted|p2b: Ting-Lu\n|-damage|p2b: Ting-Lu|38\/100\n|-unboost|p2b: Ting-Lu|spa|1\n|move|p2b: Ting-Lu|Body Press|p1a: Amoonguss\n|-resisted|p1a: Amoonguss\n|-damage|p1a: Amoonguss|40\/100 par\n|-enditem|p1a: Amoonguss|Sitrus Berry|[eat]\n|-heal|p1a: Amoonguss|65\/100 par|[from] item: Sitrus Berry\n|\n|-heal|p2b: Ting-Lu|44\/100|[from] item: Leftovers\n|upkeep\n|turn|18\n|\n|t:|1682378554\n|move|p1a: Amoonguss|Rage Powder|p1a: Amoonguss\n|-singleturn|p1a: Amoonguss|move: Rage Powder\n|move|p1b: Flutter Mane|Moonblast|p2b: Ting-Lu\n|-resisted|p2b: Ting-Lu\n|-damage|p2b: Ting-Lu|21\/100\n|move|p2b: Ting-Lu|Body Press|p1a: Amoonguss\n|-resisted|p1a: Amoonguss\n|-damage|p1a: Amoonguss|53\/100 par\n|\n|-heal|p2b: Ting-Lu|27\/100|[from] item: Leftovers\n|upkeep\n|turn|19\n|\n|t:|1682378567\n|cant|p1a: Amoonguss|par\n|move|p1b: Flutter Mane|Moonblast|p2b: Ting-Lu\n|-resisted|p2b: Ting-Lu\n|-damage|p2b: Ting-Lu|6\/100\n|move|p2b: Ting-Lu|Earth Power|p1a: Amoonguss\n|-damage|p1a: Amoonguss|43\/100 par\n|\n|-heal|p2b: Ting-Lu|12\/100|[from] item: Leftovers\n|upkeep\n|turn|20\n|\n|t:|1682378578\n|move|p1b: Flutter Mane|Moonblast|p2b: Ting-Lu\n|-resisted|p2b: Ting-Lu\n|-damage|p2b: Ting-Lu|0 fnt\n|faint|p2b: Ting-Lu\n|\n|win|BolaDeHielo\n|raw|BolaDeHielo's rating: 1018 → 1065<\/strong> (+47 for winning)\n|raw|RamonTheKiller's rating: 1106 → 1075<\/strong> (-31 for losing)\n","uploadtime":1682378584,"views":14,"p1id":"boladehielo","p2id":"ramonthekiller","formatid":"gen9vgc2023regulationc","rating":1065,"private":0,"password":""}