{"id":"gen9vgc2023regulationc-1862883246","p1":"korukugashi","p2":"AermanReid","format":"[Gen 9] VGC 2023 Regulation C","log":"|j|\u2606korukugashi\n|j|\u2606AermanReid\n|t:|1683933415\n|gametype|doubles\n|player|p1|korukugashi|n|1000\n|player|p2|AermanReid|blue|1000\n|teamsize|p1|6\n|teamsize|p2|6\n|gen|9\n|tier|[Gen 9] VGC 2023 Regulation C\n|rated|\n|rule|Species Clause: Limit one of each Pok\u00e9mon\n|rule|Item Clause: Limit one of each item\n|clearpoke\n|poke|p1|Maushold, L50|\n|poke|p1|Annihilape, L50, F|\n|poke|p1|Tyranitar, L50, F|\n|poke|p1|Lycanroc, L50, M|\n|poke|p1|Flutter Mane, L50|\n|poke|p1|Iron Bundle, L50|\n|poke|p2|Rotom-Heat, L50|\n|poke|p2|Flutter Mane, L50|\n|poke|p2|Scizor, L50, M|\n|poke|p2|Tyranitar, L50, M|\n|poke|p2|Clawitzer, L50, F|\n|poke|p2|Farigiraf, L50, F|\n|teampreview|4\n|inactive|Battle timer is ON: inactive players will automatically lose when time's up. (requested by AermanReid)\n|\n|t:|1683933448\n|start\n|switch|p1a: Annihilape|Annihilape, L50, F|100\/100\n|switch|p1b: Maushold|Maushold, L50|100\/100\n|switch|p2a: Farigiraf|Farigiraf, L50, F|100\/100\n|switch|p2b: Flutter Mane|Flutter Mane, L50|100\/100\n|-enditem|p2b: Flutter Mane|Booster Energy\n|-activate|p2b: Flutter Mane|ability: Protosynthesis|[fromitem]\n|-start|p2b: Flutter Mane|protosynthesisspe\n|turn|1\n|inactive|korukugashi has 30 seconds left.\n|inactive|korukugashi has 20 seconds left.\n|inactive|korukugashi has 15 seconds left.\n|inactive|AermanReid has 30 seconds left.\n|inactive|korukugashi has 10 seconds left.\n|\n|t:|1683933493\n|-terastallize|p2b: Flutter Mane|Steel\n|move|p1b: Maushold|Follow Me|p1b: Maushold\n|-singleturn|p1b: Maushold|move: Follow Me\n|move|p2b: Flutter Mane|Dazzling Gleam|p1b: Maushold|[spread] p1a,p1b\n|-supereffective|p1a: Annihilape\n|-damage|p1a: Annihilape|59\/100\n|-damage|p1b: Maushold|69\/100\n|move|p1a: Annihilape|Bulk Up|p1a: Annihilape\n|-boost|p1a: Annihilape|atk|1\n|-boost|p1a: Annihilape|def|1\n|move|p2a: Farigiraf|Trick Room|p2a: Farigiraf\n|-fieldstart|move: Trick Room|[of] p2a: Farigiraf\n|\n|-heal|p1a: Annihilape|65\/100|[from] item: Leftovers\n|upkeep\n|turn|2\n|inactive|korukugashi has 30 seconds left.\n|inactive|korukugashi has 20 seconds left.\n|inactive|korukugashi has 15 seconds left.\n|\n|t:|1683933536\n|move|p2b: Flutter Mane|Protect|p2b: Flutter Mane\n|-singleturn|p2b: Flutter Mane|Protect\n|move|p2a: Farigiraf|Dazzling Gleam|p1b: Maushold|[spread] p1a,p1b\n|-supereffective|p1a: Annihilape\n|-damage|p1a: Annihilape|39\/100\n|-damage|p1b: Maushold|47\/100\n|move|p1a: Annihilape|Drain Punch|p2b: Flutter Mane\n|-activate|p2b: Flutter Mane|move: Protect\n|move|p1b: Maushold|Super Fang|p2a: Farigiraf\n|-damage|p2a: Farigiraf|51\/100\n|\n|-heal|p1a: Annihilape|45\/100|[from] item: Leftovers\n|upkeep\n|turn|3\n|\n|t:|1683933561\n|-end|p2b: Flutter Mane|Protosynthesis|[silent]\n|switch|p2b: Clawitzer|Clawitzer, L50, F|100\/100\n|move|p2a: Farigiraf|Dazzling Gleam|p1b: Maushold|[spread] p1a,p1b\n|-supereffective|p1a: Annihilape\n|-damage|p1a: Annihilape|21\/100\n|-damage|p1b: Maushold|27\/100\n|move|p1a: Annihilape|Drain Punch|p2b: Clawitzer\n|-damage|p2b: Clawitzer|44\/100\n|-heal|p1a: Annihilape|44\/100|[from] drain|[of] p2b: Clawitzer\n|move|p1b: Maushold|Beat Up|p2a: Farigiraf\n|-supereffective|p2a: Farigiraf\n|-damage|p2a: Farigiraf|44\/100\n|-supereffective|p2a: Farigiraf\n|-damage|p2a: Farigiraf|38\/100\n|-supereffective|p2a: Farigiraf\n|-damage|p2a: Farigiraf|34\/100\n|-supereffective|p2a: Farigiraf\n|-damage|p2a: Farigiraf|28\/100\n|-hitcount|p2a: Farigiraf|4\n|\n|-heal|p1a: Annihilape|50\/100|[from] item: Leftovers\n|upkeep\n|turn|4\n|inactive|korukugashi has 30 seconds left.\n|inactive|korukugashi has 20 seconds left.\n|inactive|korukugashi has 15 seconds left.\n|inactive|korukugashi has 10 seconds left.\n|inactive|korukugashi has 5 seconds left.\n|\n|t:|1683933612\n|move|p2b: Clawitzer|Water Pulse|p1a: Annihilape\n|-damage|p1a: Annihilape|6\/100\n|move|p2a: Farigiraf|Dazzling Gleam|p1b: Maushold|[spread] p1a,p1b\n|-supereffective|p1a: Annihilape\n|-crit|p1b: Maushold\n|-damage|p1a: Annihilape|0 fnt\n|-damage|p1b: Maushold|0 fnt\n|faint|p1a: Annihilape\n|faint|p1b: Maushold\n|\n|upkeep\n|\n|t:|1683933622\n|switch|p1a: Iron Bundle|Iron Bundle, L50|100\/100\n|switch|p1b: Flutter Mane|Flutter Mane, L50|100\/100\n|-enditem|p1a: Iron Bundle|Booster Energy\n|-activate|p1a: Iron Bundle|ability: Quark Drive|[fromitem]\n|-start|p1a: Iron Bundle|quarkdrivespe\n|turn|5\n|\n|t:|1683933643\n|move|p1a: Iron Bundle|Protect|p1a: Iron Bundle\n|-singleturn|p1a: Iron Bundle|Protect\n|move|p2b: Clawitzer|Water Pulse|p1b: Flutter Mane\n|-damage|p1b: Flutter Mane|25\/100\n|move|p2a: Farigiraf|Imprison|p2a: Farigiraf\n|-start|p2a: Farigiraf|move: Imprison\n|cant|p1b: Flutter Mane|move: Imprison|Dazzling Gleam\n|\n|-fieldend|move: Trick Room\n|upkeep\n|turn|6\n|c|\u2606AermanReid|oldest trick in thy scroll\n|inactive|korukugashi has 30 seconds left.\n|inactive|korukugashi has 20 seconds left.\n|inactive|korukugashi has 15 seconds left.\n|inactive|korukugashi has 10 seconds left.\n|\n|t:|1683933690\n|move|p1a: Iron Bundle|Icy Wind|p2b: Clawitzer|[spread] p2a,p2b\n|-resisted|p2b: Clawitzer\n|-damage|p2a: Farigiraf|6\/100\n|-damage|p2b: Clawitzer|34\/100\n|-unboost|p2a: Farigiraf|spe|1\n|-unboost|p2b: Clawitzer|spe|1\n|move|p1b: Flutter Mane|Shadow Ball|p2b: Clawitzer\n|-damage|p2b: Clawitzer|0 fnt\n|faint|p2b: Clawitzer\n|move|p2a: Farigiraf|Dazzling Gleam|p1b: Flutter Mane|[spread] p1a,p1b\n|-damage|p1a: Iron Bundle|60\/100\n|-damage|p1b: Flutter Mane|5\/100\n|\n|upkeep\n|\n|t:|1683933705\n|switch|p2b: Scizor|Scizor, L50, M|100\/100\n|turn|7\n|inactive|korukugashi has 30 seconds left.\n|l|\u2606korukugashi\n|inactive|korukugashi disconnected and has a minute to reconnect!\n|player|p1|\n|c|\u2606AermanReid|ruh roh raggy\n|inactive|korukugashi has 20 seconds left.\n|inactive|korukugashi has 15 seconds left.\n|inactive|korukugashi has 10 seconds left.\n|inactive|korukugashi has 5 seconds left.\n|-message|korukugashi lost due to inactivity.\n|\n|win|AermanReid\n|raw|korukugashi's rating: 1000 → 1000<\/strong> (+0 for losing)\n|raw|AermanReid's rating: 1000 → 1040<\/strong> (+40 for winning)\n","uploadtime":1683933767,"views":9,"p1id":"korukugashi","p2id":"aermanreid","formatid":"gen9vgc2023regulationc","rating":1000,"private":0,"password":""}