{"id":"gen9vgc2023regulationc-1861523225","p1":"BroDontFuckWithMe","p2":"Elcyms","format":"[Gen 9] VGC 2023 Regulation C","log":"|j|\u2606BroDontFuckWithMe\n|j|\u2606Elcyms\n|t:|1683768438\n|gametype|doubles\n|player|p1|BroDontFuckWithMe|266|1479\n|player|p2|Elcyms|cynthia|1421\n|teamsize|p1|6\n|teamsize|p2|6\n|gen|9\n|tier|[Gen 9] VGC 2023 Regulation C\n|rated|\n|rule|Species Clause: Limit one of each Pok\u00e9mon\n|rule|Item Clause: Limit one of each item\n|clearpoke\n|poke|p1|Great Tusk, L50|\n|poke|p1|Amoonguss, L50, F|\n|poke|p1|Tyranitar, L50, M|\n|poke|p1|Iron Bundle, L50|\n|poke|p1|Talonflame, L50, F|\n|poke|p1|Gholdengo, L50|\n|poke|p2|Azumarill, L50, M|\n|poke|p2|Chien-Pao, L50|\n|poke|p2|Scizor, L50, M|\n|poke|p2|Roaring Moon, L50|\n|poke|p2|Maushold-Four, L50|\n|poke|p2|Baxcalibur, L50, M|\n|teampreview|4\n|inactive|Battle timer is ON: inactive players will automatically lose when time's up. (requested by BroDontFuckWithMe)\n|inactive|Elcyms has 60 seconds left.\n|\n|t:|1683768520\n|start\n|switch|p1a: Iron Bundle|Iron Bundle, L50|100\/100\n|switch|p1b: Great Tusk|Great Tusk, L50|100\/100\n|switch|p2a: Maushold|Maushold-Four, L50|100\/100\n|switch|p2b: Azumarill|Azumarill, L50, M|100\/100\n|-enditem|p1a: Iron Bundle|Booster Energy\n|-activate|p1a: Iron Bundle|ability: Quark Drive|[fromitem]\n|-start|p1a: Iron Bundle|quarkdrivespe\n|turn|1\n|inactive|BroDontFuckWithMe has 30 seconds left.\n|inactive|Elcyms has 30 seconds left.\n|inactive|BroDontFuckWithMe has 20 seconds left.\n|\n|t:|1683768556\n|move|p2a: Maushold|Follow Me|p2a: Maushold\n|-singleturn|p2a: Maushold|move: Follow Me\n|move|p1a: Iron Bundle|Freeze-Dry|p2a: Maushold\n|-damage|p2a: Maushold|57\/100\n|-status|p2a: Maushold|frz\n|move|p1b: Great Tusk|Rock Slide|p2a: Maushold|[spread] p2a,p2b\n|-damage|p2a: Maushold|38\/100 frz\n|-damage|p2b: Azumarill|80\/100\n|cant|p2b: Azumarill|flinch\n|\n|upkeep\n|turn|2\n|\n|t:|1683768581\n|-curestatus|p2a: Maushold|frz|[msg]\n|move|p2a: Maushold|Protect|p2a: Maushold\n|-singleturn|p2a: Maushold|Protect\n|move|p1a: Iron Bundle|Freeze-Dry|p2b: Azumarill\n|-supereffective|p2b: Azumarill\n|-damage|p2b: Azumarill|37\/100\n|-status|p2b: Azumarill|frz\n|move|p1b: Great Tusk|Rock Slide|p2b: Azumarill|[spread] p2b\n|-activate|p2a: Maushold|move: Protect\n|-damage|p2b: Azumarill|19\/100 frz\n|cant|p2b: Azumarill|frz\n|\n|upkeep\n|turn|3\n|\n|t:|1683768598\n|cant|p2b: Azumarill|frz\n|move|p1a: Iron Bundle|Freeze-Dry|p2a: Maushold\n|-damage|p2a: Maushold|0 fnt\n|faint|p2a: Maushold\n|move|p1b: Great Tusk|Rock Slide|p2b: Azumarill\n|-damage|p2b: Azumarill|0 fnt\n|faint|p2b: Azumarill\n|\n|upkeep\n|\n|t:|1683768605\n|switch|p2a: Baxcalibur|Baxcalibur, L50, M|100\/100\n|switch|p2b: Roaring Moon|Roaring Moon, L50, shiny|100\/100\n|-enditem|p2b: Roaring Moon|Booster Energy\n|-activate|p2b: Roaring Moon|ability: Protosynthesis|[fromitem]\n|-start|p2b: Roaring Moon|protosynthesisatk\n|turn|4\n|\n|t:|1683768627\n|move|p2b: Roaring Moon|Protect|p2b: Roaring Moon\n|-singleturn|p2b: Roaring Moon|Protect\n|move|p1a: Iron Bundle|Freeze-Dry|p2b: Roaring Moon\n|-activate|p2b: Roaring Moon|move: Protect\n|move|p1b: Great Tusk|Rock Slide|p2b: Roaring Moon|[spread] p2a\n|-activate|p2b: Roaring Moon|move: Protect\n|-supereffective|p2a: Baxcalibur\n|-damage|p2a: Baxcalibur|61\/100\n|cant|p2a: Baxcalibur|flinch\n|\n|upkeep\n|turn|5\n|inactive|Elcyms has 30 seconds left.\n|inactive|Elcyms has 20 seconds left.\n|\n|t:|1683768665\n|move|p2a: Baxcalibur|Ice Shard|p1b: Great Tusk\n|-supereffective|p1b: Great Tusk\n|-damage|p1b: Great Tusk|47\/100\n|-damage|p2a: Baxcalibur|51\/100|[from] item: Life Orb\n|move|p1a: Iron Bundle|Freeze-Dry|p2b: Roaring Moon\n|-supereffective|p2b: Roaring Moon\n|-damage|p2b: Roaring Moon|39\/100\n|move|p1b: Great Tusk|Rock Slide|p2b: Roaring Moon|[spread] p2a,p2b\n|-supereffective|p2a: Baxcalibur\n|-damage|p2a: Baxcalibur|8\/100\n|-damage|p2b: Roaring Moon|15\/100\n|cant|p2b: Roaring Moon|flinch\n|\n|upkeep\n|turn|6\n|\n|t:|1683768683\n|-terastallize|p1b: Great Tusk|Steel\n|move|p2b: Roaring Moon|Protect|p2b: Roaring Moon\n|-singleturn|p2b: Roaring Moon|Protect\n|move|p2a: Baxcalibur|Ice Shard|p1b: Great Tusk\n|-resisted|p1b: Great Tusk\n|-damage|p1b: Great Tusk|34\/100\n|-damage|p2a: Baxcalibur|0 fnt|[from] item: Life Orb\n|faint|p2a: Baxcalibur\n|move|p1a: Iron Bundle|Icy Wind|p2b: Roaring Moon\n|-activate|p2b: Roaring Moon|move: Protect\n|move|p1b: Great Tusk|Rock Slide|p2b: Roaring Moon\n|-activate|p2b: Roaring Moon|move: Protect\n|\n|upkeep\n|turn|7\n|-message|Elcyms forfeited.\n|\n|win|BroDontFuckWithMe\n|raw|BroDontFuckWithMe's rating: 1479 → 1496<\/strong> (+17 for winning)\n|raw|Elcyms's rating: 1421 → 1404<\/strong> (-17 for losing)\n|l|\u2606Elcyms\n","uploadtime":1683768709,"views":15,"p1id":"brodontfuckwithme","p2id":"elcyms","formatid":"gen9vgc2023regulationc","rating":1404,"private":0,"password":""}