{"id":"gen9vgc2023regulationc-1845147232","p1":"Amaisora","p2":"KarinaMomatova","format":"[Gen 9] VGC 2023 Regulation C","log":"|j|\u2606Amaisora\n|j|\u2606KarinaMomatova\n|t:|1681689172\n|gametype|doubles\n|player|p1|Amaisora|flannery|1172\n|player|p2|KarinaMomatova|darach-caitlin|1273\n|teamsize|p1|6\n|teamsize|p2|6\n|gen|9\n|tier|[Gen 9] VGC 2023 Regulation C\n|rated|\n|rule|Species Clause: Limit one of each Pok\u00e9mon\n|rule|Item Clause: Limit one of each item\n|clearpoke\n|poke|p1|Indeedee-F, L50, F|\n|poke|p1|Flutter Mane, L50|\n|poke|p1|Dragonite, L50, M|\n|poke|p1|Chi-Yu, L50|\n|poke|p1|Armarouge, L50, F|\n|poke|p1|Amoonguss, L50, F|\n|poke|p2|Flutter Mane, L50|\n|poke|p2|Azumarill, L50, M|\n|poke|p2|Pelipper, L50, M|\n|poke|p2|Raichu, L50, F|\n|poke|p2|Scizor, L50, M|\n|poke|p2|Tsareena, L50, F|\n|teampreview|4\n|inactive|Battle timer is ON: inactive players will automatically lose when time's up. (requested by KarinaMomatova)\n|inactive|Amaisora also wants the timer to be on.\n|inactive|Amaisora has 60 seconds left.\n|inactive|KarinaMomatova has 60 seconds left.\n|\n|t:|1681689216\n|start\n|switch|p1a: Dragonite|Dragonite, L50, M|100\/100\n|switch|p1b: Flutter Mane|Flutter Mane, L50|100\/100\n|switch|p2a: Scizor|Scizor, L50, M, shiny|100\/100\n|switch|p2b: Azumarill|Azumarill, L50, M, shiny|100\/100\n|-enditem|p1b: Flutter Mane|Booster Energy\n|-activate|p1b: Flutter Mane|ability: Protosynthesis|[fromitem]\n|-start|p1b: Flutter Mane|protosynthesisspe\n|turn|1\n|\n|t:|1681689235\n|-end|p1b: Flutter Mane|Protosynthesis|[silent]\n|switch|p1b: Amoonguss|Amoonguss, L50, F|100\/100\n|-terastallize|p1a: Dragonite|Flying\n|move|p2a: Scizor|Bullet Punch|p1b: Amoonguss\n|-damage|p1b: Amoonguss|55\/100\n|move|p2b: Azumarill|Aqua Jet|p1b: Amoonguss\n|-resisted|p1b: Amoonguss\n|-damage|p1b: Amoonguss|47\/100\n|-enditem|p1b: Amoonguss|Sitrus Berry|[eat]\n|-heal|p1b: Amoonguss|72\/100|[from] item: Sitrus Berry\n|move|p1a: Dragonite|Tera Blast|p2a: Scizor\n|-damage|p2a: Scizor|28\/100\n|\n|upkeep\n|turn|2\n|inactive|KarinaMomatova has 30 seconds left.\n|\n|t:|1681689262\n|switch|p2b: Pelipper|Pelipper, L50, M|100\/100\n|-weather|RainDance|[from] ability: Drizzle|[of] p2b: Pelipper\n|move|p2a: Scizor|Bullet Punch|p1b: Amoonguss\n|-damage|p1b: Amoonguss|27\/100\n|move|p1a: Dragonite|Tera Blast|p2b: Pelipper\n|-damage|p2b: Pelipper|42\/100\n|move|p1b: Amoonguss|Spore|p2a: Scizor\n|-status|p2a: Scizor|slp|[from] move: Spore\n|\n|-weather|RainDance|[upkeep]\n|upkeep\n|turn|3\n|\n|t:|1681689284\n|switch|p1b: Flutter Mane|Flutter Mane, L50|100\/100\n|cant|p2a: Scizor|slp\n|move|p1a: Dragonite|Tera Blast|p2b: Pelipper\n|-damage|p2b: Pelipper|0 fnt\n|faint|p2b: Pelipper\n|\n|-weather|RainDance|[upkeep]\n|upkeep\n|\n|t:|1681689294\n|switch|p2b: Azumarill|Azumarill, L50, M, shiny|100\/100\n|turn|4\n|\n|t:|1681689304\n|cant|p2a: Scizor|slp\n|move|p2b: Azumarill|Aqua Jet|p1b: Flutter Mane\n|-damage|p1b: Flutter Mane|34\/100\n|move|p1b: Flutter Mane|Substitute|p1b: Flutter Mane\n|-start|p1b: Flutter Mane|Substitute\n|-damage|p1b: Flutter Mane|9\/100\n|move|p1a: Dragonite|Tera Blast|p2b: Azumarill\n|-damage|p2b: Azumarill|33\/100\n|-enditem|p2b: Azumarill|Sitrus Berry|[eat]\n|-heal|p2b: Azumarill|58\/100|[from] item: Sitrus Berry\n|\n|-weather|RainDance|[upkeep]\n|upkeep\n|turn|5\n|\n|t:|1681689325\n|cant|p2a: Scizor|slp\n|move|p1b: Flutter Mane|Shadow Ball|p2a: Scizor\n|-damage|p2a: Scizor|0 fnt\n|faint|p2a: Scizor\n|move|p1a: Dragonite|Tera Blast|p2b: Azumarill\n|-damage|p2b: Azumarill|0 fnt\n|faint|p2b: Azumarill\n|\n|-weather|RainDance|[upkeep]\n|upkeep\n|-message|KarinaMomatova forfeited.\n|\n|win|Amaisora\n|raw|Amaisora's rating: 1172 → 1204<\/strong> (+32 for winning)\n|raw|KarinaMomatova's rating: 1273 → 1241<\/strong> (-32 for losing)\n|l|\u2606KarinaMomatova\n","uploadtime":1681689341,"views":15,"p1id":"amaisora","p2id":"karinamomatova","formatid":"gen9vgc2023regulationc","rating":1204,"private":0,"password":""}