{"id":"gen9vgc2023regulationc-1844833596","p1":"qzy1993","p2":"MrPagin","format":"[Gen 9] VGC 2023 Regulation C","log":"|j|\u2606qzy1993\n|j|\u2606MrPagin\n|t:|1681654249\n|gametype|doubles\n|player|p1|qzy1993|102|1023\n|player|p2|MrPagin|ingo|1030\n|teamsize|p1|6\n|teamsize|p2|6\n|gen|9\n|tier|[Gen 9] VGC 2023 Regulation C\n|rated|\n|rule|Species Clause: Limit one of each Pok\u00e9mon\n|rule|Item Clause: Limit one of each item\n|clearpoke\n|poke|p1|Iron Valiant, L50|\n|poke|p1|Toxapex, L50, M|\n|poke|p1|Meowscarada, L50, M|\n|poke|p1|Kingambit, L50, M|\n|poke|p1|Flutter Mane, L50|\n|poke|p1|Pelipper, L50, M|\n|poke|p2|Scizor, L50, M|\n|poke|p2|Palafin, L50, F|\n|poke|p2|Amoonguss, L50, M|\n|poke|p2|Chien-Pao, L50|\n|poke|p2|Arcanine, L50, M|\n|poke|p2|Flutter Mane, L50|\n|teampreview|4\nMrPagin has agreed to open team sheets.\n|inactive|Battle timer is ON: inactive players will automatically lose when time's up. (requested by MrPagin)\n|inactive|qzy1993 has 60 seconds left.\n|\n|t:|1681654316\n|start\n|switch|p1a: Pelipper|Pelipper, L50, M|100\/100\n|switch|p1b: Meowscarada|Meowscarada, L50, M|100\/100\n|switch|p2a: Palafin|Palafin, L50, F|100\/100\n|switch|p2b: Chien-Pao|Chien-Pao, L50|100\/100\n|-ability|p2b: Chien-Pao|Sword of Ruin\n|-weather|RainDance|[from] ability: Drizzle|[of] p1a: Pelipper\n|turn|1\n|inactive|qzy1993 has 30 seconds left.\n|\n|t:|1681654347\n|move|p2a: Palafin|Protect|p2a: Palafin\n|-singleturn|p2a: Palafin|Protect\n|move|p2b: Chien-Pao|Ice Spinner|p1b: Meowscarada\n|-supereffective|p1b: Meowscarada\n|-enditem|p1b: Meowscarada|Focus Sash\n|-damage|p1b: Meowscarada|1\/100\n|move|p1b: Meowscarada|Knock Off|p2b: Chien-Pao\n|-resisted|p2b: Chien-Pao\n|-crit|p2b: Chien-Pao\n|-damage|p2b: Chien-Pao|70\/100\n|-enditem|p2b: Chien-Pao|Choice Scarf|[from] move: Knock Off|[of] p1b: Meowscarada\n|move|p1a: Pelipper|Tailwind|p1a: Pelipper\n|-sidestart|p1: qzy1993|move: Tailwind\n|\n|-weather|RainDance|[upkeep]\n|upkeep\n|turn|2\n|\n|t:|1681654369\n|detailschange|p2a: Palafin|Palafin-Hero, L50, F\n|switch|p2a: Amoonguss|Amoonguss, L50, M|100\/100\n|move|p2b: Chien-Pao|Sucker Punch|p1b: Meowscarada\n|-resisted|p1b: Meowscarada\n|-damage|p1b: Meowscarada|0 fnt\n|faint|p1b: Meowscarada\n|move|p1a: Pelipper|Hurricane|p2b: Chien-Pao\n|-damage|p2b: Chien-Pao|9\/100\n|-start|p2b: Chien-Pao|confusion\n|\n|-weather|RainDance|[upkeep]\n|upkeep\n|\n|t:|1681654383\n|switch|p1b: Iron Valiant|Iron Valiant, L50|100\/100\n|turn|3\n|\n|t:|1681654402\n|switch|p2b: Scizor|Scizor, L50, M|100\/100\n|move|p2a: Amoonguss|Rage Powder|p2a: Amoonguss\n|-singleturn|p2a: Amoonguss|move: Rage Powder\n|move|p1b: Iron Valiant|Psycho Cut|p2a: Amoonguss\n|-supereffective|p2a: Amoonguss\n|-damage|p2a: Amoonguss|28\/100\n|-enditem|p2a: Amoonguss|Sitrus Berry|[eat]\n|-heal|p2a: Amoonguss|53\/100|[from] item: Sitrus Berry\n|-damage|p1b: Iron Valiant|90\/100|[from] item: Life Orb\n|move|p1a: Pelipper|Hurricane|p2a: Amoonguss\n|-supereffective|p2a: Amoonguss\n|-damage|p2a: Amoonguss|1\/100\n|\n|-weather|RainDance|[upkeep]\n|upkeep\n|turn|4\n|inactive|qzy1993 has 30 seconds left.\n|inactive|MrPagin has 30 seconds left.\n|inactive|qzy1993 has 20 seconds left.\n|inactive|MrPagin has 20 seconds left.\n|\n|t:|1681654441\n|-terastallize|p1b: Iron Valiant|Ghost\n|-terastallize|p2b: Scizor|Water\n|move|p2a: Amoonguss|Rage Powder|p2a: Amoonguss\n|-singleturn|p2a: Amoonguss|move: Rage Powder\n|move|p2b: Scizor|Bullet Punch|p1b: Iron Valiant\n|-damage|p1b: Iron Valiant|46\/100\n|move|p1b: Iron Valiant|Psycho Cut|p2a: Amoonguss\n|-supereffective|p2a: Amoonguss\n|-damage|p2a: Amoonguss|0 fnt\n|faint|p2a: Amoonguss\n|-damage|p1b: Iron Valiant|36\/100|[from] item: Life Orb\n|move|p1a: Pelipper|Hurricane|p2b: Scizor\n|-damage|p2b: Scizor|51\/100\n|-start|p2b: Scizor|confusion\n|\n|-weather|RainDance|[upkeep]\n|-sideend|p1: qzy1993|move: Tailwind\n|upkeep\n|\n|t:|1681654458\n|switch|p2a: Chien-Pao|Chien-Pao, L50|9\/100\n|-ability|p2a: Chien-Pao|Sword of Ruin\n|turn|5\n|\n|t:|1681654471\n|move|p1b: Iron Valiant|Protect|p1b: Iron Valiant\n|-singleturn|p1b: Iron Valiant|Protect\n|move|p2a: Chien-Pao|Sucker Punch||[still]\n|-fail|p2a: Chien-Pao\n|move|p1a: Pelipper|Tailwind|p1a: Pelipper\n|-sidestart|p1: qzy1993|move: Tailwind\n|-activate|p2b: Scizor|confusion\n|move|p2b: Scizor|X-Scissor|p1a: Pelipper\n|-resisted|p1a: Pelipper\n|-damage|p1a: Pelipper|70\/100\n|-enditem|p1a: Pelipper|Eject Button\n|\n|t:|1681654484\n|switch|p1a: Kingambit|Kingambit, L50, M|100\/100\n|\n|-weather|none\n|upkeep\n|turn|6\n|\n|t:|1681654507\n|-end|p1b: Iron Valiant|Quark Drive|[silent]\n|switch|p1b: Pelipper|Pelipper, L50, M|70\/100\n|-weather|RainDance|[from] ability: Drizzle|[of] p1b: Pelipper\n|move|p1a: Kingambit|Sucker Punch|p2b: Scizor\n|-damage|p2b: Scizor|0 fnt\n|faint|p2b: Scizor\n|move|p2a: Chien-Pao|Sacred Sword|p1a: Kingambit\n|-supereffective|p1a: Kingambit\n|-damage|p1a: Kingambit|0 fnt\n|faint|p1a: Kingambit\n|\n|-weather|RainDance|[upkeep]\n|upkeep\n|\n|t:|1681654521\n|switch|p2b: Palafin|Palafin-Hero, L50, F|100\/100\n|switch|p1a: Iron Valiant|Iron Valiant, L50, tera:Ghost|36\/100\n|-activate|p2b: Palafin|ability: Zero to Hero\n|turn|7\n|\n|t:|1681654533\n|move|p1a: Iron Valiant|Protect|p1a: Iron Valiant\n|-singleturn|p1a: Iron Valiant|Protect\n|move|p2a: Chien-Pao|Sucker Punch||[still]\n|-fail|p2a: Chien-Pao\n|move|p1b: Pelipper|Hurricane|p2a: Chien-Pao\n|-damage|p2a: Chien-Pao|0 fnt\n|faint|p2a: Chien-Pao\n|move|p2b: Palafin|Wave Crash|p1b: Pelipper\n|-resisted|p1b: Pelipper\n|-crit|p1b: Pelipper\n|-damage|p1b: Pelipper|0 fnt\n|faint|p1b: Pelipper\n|-damage|p2b: Palafin|80\/100|[from] Recoil\n|\n|-weather|RainDance|[upkeep]\n|upkeep\n|turn|8\n|\n|t:|1681654555\n|move|p1a: Iron Valiant|Close Combat|p2b: Palafin\n|-damage|p2b: Palafin|0 fnt\n|-unboost|p1a: Iron Valiant|def|1\n|-unboost|p1a: Iron Valiant|spd|1\n|faint|p2b: Palafin\n|-damage|p1a: Iron Valiant|26\/100|[from] item: Life Orb\n|\n|win|qzy1993\n|raw|qzy1993's rating: 1023 → 1060<\/strong> (+37 for winning)\n|raw|MrPagin's rating: 1030 → 1015<\/strong> (-15 for losing)\n|c|\u2606MrPagin|gg\n|l|\u2606MrPagin\n","uploadtime":1681654568,"views":13,"p1id":"qzy1993","p2id":"mrpagin","formatid":"gen9vgc2023regulationc","rating":1015,"private":0,"password":""}