{"id":"gen9vgc2023regulationc-1855308142","p1":"hysaaron","p2":"project g1","format":"[Gen 9] VGC 2023 Regulation C","log":"|j|\u2606hysaaron\n|j|\u2606project g1\n|t:|1682934288\n|gametype|doubles\n|player|p1|hysaaron|102|1109\n|player|p2|project g1|backersf|1166\n|teamsize|p1|6\n|teamsize|p2|6\n|gen|9\n|tier|[Gen 9] VGC 2023 Regulation C\n|rated|\n|rule|Species Clause: Limit one of each Pok\u00e9mon\n|rule|Item Clause: Limit one of each item\n|clearpoke\n|poke|p1|Talonflame, L50, F|\n|poke|p1|Great Tusk, L50|\n|poke|p1|Chi-Yu, L50|\n|poke|p1|Flutter Mane, L50|\n|poke|p1|Amoonguss, L50, F|\n|poke|p1|Gyarados, L50, M|\n|poke|p2|Abomasnow, L50, M|\n|poke|p2|Baxcalibur, L50, M|\n|poke|p2|Iron Bundle, L50|\n|poke|p2|Gholdengo, L50|\n|poke|p2|Pawmot, L50, F|\n|poke|p2|Arboliva, L50, F|\n|teampreview|4\n|inactive|Battle timer is ON: inactive players will automatically lose when time's up. (requested by hysaaron)\n|\n|t:|1682934312\n|start\n|switch|p1a: Talonflame|Talonflame, L50, F, shiny|100\/100\n|switch|p1b: Great Tusk|Great Tusk, L50, shiny|100\/100\n|switch|p2a: Abomasnow|Abomasnow, L50, M|100\/100\n|switch|p2b: Iron Bundle|Iron Bundle, L50|100\/100\n|-weather|Snow|[from] ability: Snow Warning|[of] p2a: Abomasnow\n|turn|1\n|inactive|hysaaron has 30 seconds left.\n|inactive|project g1 has 30 seconds left.\n|inactive|project g1 has 20 seconds left.\n|inactive|project g1 has 15 seconds left.\n|\n|t:|1682934353\n|-terastallize|p1b: Great Tusk|Fire\n|-terastallize|p2a: Abomasnow|Water\n|move|p1a: Talonflame|Tailwind|p1a: Talonflame\n|-sidestart|p1: hysaaron|move: Tailwind\n|move|p1b: Great Tusk|Close Combat|p2b: Iron Bundle\n|-supereffective|p2b: Iron Bundle\n|-damage|p2b: Iron Bundle|15\/100\n|-unboost|p1b: Great Tusk|def|1\n|-unboost|p1b: Great Tusk|spd|1\n|move|p2b: Iron Bundle|Hydro Pump|p1a: Talonflame\n|-supereffective|p1a: Talonflame\n|-damage|p1a: Talonflame|0 fnt\n|faint|p1a: Talonflame\n|move|p2a: Abomasnow|Aurora Veil|p2a: Abomasnow\n|-sidestart|p2: project g1|move: Aurora Veil\n|\n|-weather|Snow|[upkeep]\n|upkeep\n|\n|t:|1682934371\n|switch|p1a: Chi-Yu|Chi-Yu, L50|100\/100\n|-ability|p1a: Chi-Yu|Beads of Ruin\n|turn|2\n|\n|t:|1682934388\n|move|p1b: Great Tusk|Close Combat|p2a: Abomasnow\n|-damage|p2a: Abomasnow|47\/100\n|-unboost|p1b: Great Tusk|def|1\n|-unboost|p1b: Great Tusk|spd|1\n|move|p1a: Chi-Yu|Heat Wave|p2b: Iron Bundle|[spread] p2a,p2b\n|-resisted|p2a: Abomasnow\n|-damage|p2a: Abomasnow|29\/100\n|-damage|p2b: Iron Bundle|0 fnt\n|faint|p2b: Iron Bundle\n|-end|p2b: Iron Bundle|Quark Drive|[silent]\n|-damage|p1a: Chi-Yu|91\/100|[from] item: Life Orb\n|move|p2a: Abomasnow|Blizzard|p1b: Great Tusk|[spread] p1a,p1b\n|-resisted|p1a: Chi-Yu\n|-crit|p1a: Chi-Yu\n|-resisted|p1b: Great Tusk\n|-damage|p1a: Chi-Yu|67\/100\n|-damage|p1b: Great Tusk|33\/100\n|\n|-weather|Snow|[upkeep]\n|upkeep\n|\n|t:|1682934396\n|switch|p2b: Pawmot|Pawmot, L50, F|100\/100\n|turn|3\n|inactive|hysaaron has 30 seconds left.\n|\n|t:|1682934430\n|move|p2a: Abomasnow|Protect|p2a: Abomasnow\n|-singleturn|p2a: Abomasnow|Protect\n|move|p2b: Pawmot|Fake Out|p1b: Great Tusk\n|-damage|p1b: Great Tusk|14\/100\n|cant|p1b: Great Tusk|flinch\n|move|p1a: Chi-Yu|Dark Pulse|p2b: Pawmot\n|-resisted|p2b: Pawmot\n|-damage|p2b: Pawmot|59\/100\n|-damage|p1a: Chi-Yu|58\/100|[from] item: Life Orb\n|\n|-weather|Snow|[upkeep]\n|upkeep\n|turn|4\n|\n|t:|1682934451\n|move|p2b: Pawmot|Mach Punch|p1a: Chi-Yu\n|-supereffective|p1a: Chi-Yu\n|-damage|p1a: Chi-Yu|7\/100\n|move|p1b: Great Tusk|Close Combat|p2a: Abomasnow\n|-damage|p2a: Abomasnow|0 fnt\n|-unboost|p1b: Great Tusk|def|1\n|-unboost|p1b: Great Tusk|spd|1\n|faint|p2a: Abomasnow\n|move|p1a: Chi-Yu|Heat Wave|p2b: Pawmot|[miss]\n|-miss|p1a: Chi-Yu|p2b: Pawmot\n|\n|-weather|Snow|[upkeep]\n|-sideend|p1: hysaaron|move: Tailwind\n|upkeep\n|\n|t:|1682934457\n|switch|p2a: Gholdengo|Gholdengo, L50|100\/100\n|turn|5\n|\n|t:|1682934477\n|-end|p1b: Great Tusk|Protosynthesis|[silent]\n|switch|p1b: Flutter Mane|Flutter Mane, L50|100\/100\n|-enditem|p1b: Flutter Mane|Booster Energy\n|-activate|p1b: Flutter Mane|ability: Protosynthesis|[fromitem]\n|-start|p1b: Flutter Mane|protosynthesisspa\n|move|p1a: Chi-Yu|Protect|p1a: Chi-Yu\n|-singleturn|p1a: Chi-Yu|Protect\n|move|p2b: Pawmot|Mach Punch|p1a: Chi-Yu\n|-activate|p1a: Chi-Yu|move: Protect\n|move|p2a: Gholdengo|Nasty Plot|p2a: Gholdengo\n|-boost|p2a: Gholdengo|spa|2\n|\n|-weather|none\n|-sideend|p2: project g1|move: Aurora Veil\n|upkeep\n|turn|6\n|\n|t:|1682934497\n|move|p1a: Chi-Yu|Protect|p1a: Chi-Yu\n|-singleturn|p1a: Chi-Yu|Protect\n|move|p2b: Pawmot|Mach Punch|p1a: Chi-Yu\n|-activate|p1a: Chi-Yu|move: Protect\n|move|p1b: Flutter Mane|Moonblast|p2b: Pawmot\n|-supereffective|p2b: Pawmot\n|-damage|p2b: Pawmot|0 fnt\n|faint|p2b: Pawmot\n|move|p2a: Gholdengo|Make It Rain|p1b: Flutter Mane|[spread] p1b\n|-activate|p1a: Chi-Yu|move: Protect\n|-supereffective|p1b: Flutter Mane\n|-damage|p1b: Flutter Mane|0 fnt\n|-unboost|p2a: Gholdengo|spa|1\n|faint|p1b: Flutter Mane\n|-end|p1b: Flutter Mane|Protosynthesis|[silent]\n|-damage|p2a: Gholdengo|91\/100|[from] item: Life Orb\n|\n|upkeep\n|\n|t:|1682934516\n|switch|p1b: Great Tusk|Great Tusk, L50, shiny, tera:Fire|14\/100\n|turn|7\n|\n|t:|1682934522\n|move|p1b: Great Tusk|Headlong Rush|p2a: Gholdengo\n|-supereffective|p2a: Gholdengo\n|-damage|p2a: Gholdengo|0 fnt\n|-unboost|p1b: Great Tusk|def|1\n|-unboost|p1b: Great Tusk|spd|1\n|faint|p2a: Gholdengo\n|\n|win|hysaaron\n|raw|hysaaron's rating: 1109 → 1138<\/strong> (+29 for winning)\n|raw|project g1's rating: 1166 → 1137<\/strong> (-29 for losing)\n","uploadtime":1682934531,"views":16,"p1id":"hysaaron","p2id":"projectg1","formatid":"gen9vgc2023regulationc","rating":1137,"private":0,"password":""}