{"id":"gen9vgc2023regulationc-1854924233","p1":"xXxninu2008","p2":"awesome10billion","format":"[Gen 9] VGC 2023 Regulation C","log":"|j|\u2606xXxninu2008\n|j|\u2606awesome10billion\n|t:|1682881296\n|gametype|doubles\n|player|p1|xXxninu2008|2|\n|player|p2|awesome10billion|170|\n|teamsize|p1|6\n|teamsize|p2|6\n|gen|9\n|tier|[Gen 9] VGC 2023 Regulation C\n|rule|Species Clause: Limit one of each Pok\u00e9mon\n|rule|Item Clause: Limit one of each item\n|clearpoke\n|poke|p1|Garchomp, L50, F|\n|poke|p1|Murkrow, L50, F|\n|poke|p1|Annihilape, L50, M|\n|poke|p1|Meowscarada, L50, M|\n|poke|p1|Ceruledge, L50, M|\n|poke|p1|Chien-Pao, L50|\n|poke|p2|Iron Hands, L50|\n|poke|p2|Amoonguss, L50, F|\n|poke|p2|Pelipper, L50, M|\n|poke|p2|Palafin, L50, F|\n|poke|p2|Baxcalibur, L50, F|\n|poke|p2|Dragonite, L50, F|\n|teampreview|4\n|inactive|Battle timer is ON: inactive players will automatically lose when time's up. (requested by awesome10billion)\nawesome10billion has agreed to open team sheets.\n|j| BumpyBumps\n|\n|t:|1682881327\n|start\n|switch|p1a: Mother nature?|Meowscarada, L50, M|100\/100\n|switch|p1b: pulse|Murkrow, L50, F, shiny|100\/100\n|switch|p2a: Iron Hands|Iron Hands, L50|100\/100\n|switch|p2b: Palafin|Palafin, L50, F|100\/100\n|turn|1\n|\n|t:|1682881347\n|detailschange|p2b: Palafin|Palafin-Hero, L50, F\n|switch|p2b: Pelipper|Pelipper, L50, M|100\/100\n|-weather|RainDance|[from] ability: Drizzle|[of] p2b: Pelipper\n|move|p1b: pulse|Tailwind|p1b: pulse\n|-sidestart|p1: xXxninu2008|move: Tailwind\n|move|p1a: Mother nature?|Flower Trick|p2b: Pelipper\n|-start|p1a: Mother nature?|typechange|Grass|[from] ability: Protean\n|-crit|p2b: Pelipper\n|-damage|p2b: Pelipper|25\/100\n|-damage|p1a: Mother nature?|91\/100|[from] item: Life Orb\n|move|p2a: Iron Hands|Volt Switch|p1b: pulse\n|-supereffective|p1b: pulse\n|-damage|p1b: pulse|29\/100\n|\n|t:|1682881361\n|-end|p2a: Iron Hands|Quark Drive|[silent]\n|switch|p2a: Palafin|Palafin-Hero, L50, F|100\/100|[from] Volt Switch\n|-activate|p2a: Palafin|ability: Zero to Hero\n|\n|-weather|RainDance|[upkeep]\n|upkeep\n|turn|2\n|\n|t:|1682881384\n|move|p1b: pulse|Protect|p1b: pulse\n|-singleturn|p1b: pulse|Protect\n|move|p2a: Palafin|Jet Punch|p1b: pulse\n|-activate|p1b: pulse|move: Protect\n|move|p1a: Mother nature?|Thunder Punch|p2a: Palafin\n|-supereffective|p2a: Palafin\n|-damage|p2a: Palafin|55\/100\n|-damage|p1a: Mother nature?|81\/100|[from] item: Life Orb\n|move|p2b: Pelipper|Hurricane|p1a: Mother nature?\n|-supereffective|p1a: Mother nature?\n|-damage|p1a: Mother nature?|0 fnt\n|faint|p1a: Mother nature?\n|\n|-weather|RainDance|[upkeep]\n|upkeep\n|\n|t:|1682881401\n|switch|p1a: Katty?|Chien-Pao, L50|100\/100\n|-ability|p1a: Katty?|Sword of Ruin\n|turn|3\n|\n|t:|1682881418\n|move|p2b: Pelipper|Protect|p2b: Pelipper\n|-singleturn|p2b: Pelipper|Protect\n|move|p1b: pulse|Thunder Wave|p2a: Palafin\n|-status|p2a: Palafin|par\n|move|p2a: Palafin|Jet Punch|p1b: pulse\n|-damage|p1b: pulse|0 fnt\n|faint|p1b: pulse\n|move|p1a: Katty?|Ice Spinner|p2b: Pelipper\n|-activate|p2b: Pelipper|move: Protect\n|\n|-weather|RainDance|[upkeep]\n|upkeep\n|\n|t:|1682881429\n|switch|p1b: Shinigami|Annihilape, L50, M|100\/100\n|turn|4\n|\n|t:|1682881438\n|move|p1a: Katty?|Ice Spinner|p2a: Palafin\n|-resisted|p2a: Palafin\n|-damage|p2a: Palafin|35\/100 par\n|move|p1b: Shinigami|Shadow Claw|p2b: Pelipper\n|-crit|p2b: Pelipper\n|-damage|p2b: Pelipper|0 fnt\n|faint|p2b: Pelipper\n|cant|p2a: Palafin|par\n|\n|-weather|RainDance|[upkeep]\n|-sideend|p1: xXxninu2008|move: Tailwind\n|upkeep\n|\n|t:|1682881452\n|switch|p2b: Iron Hands|Iron Hands, L50|100\/100\n|turn|5\n|\n|t:|1682881463\n|move|p2a: Palafin|Jet Punch|p1b: Shinigami\n|-damage|p1b: Shinigami|6\/100\n|move|p1a: Katty?|Ice Spinner|p2b: Iron Hands\n|-damage|p2b: Iron Hands|73\/100\n|move|p1b: Shinigami|Close Combat|p2a: Palafin\n|-damage|p2a: Palafin|0 fnt\n|-unboost|p1b: Shinigami|def|1\n|-unboost|p1b: Shinigami|spd|1\n|faint|p2a: Palafin\n|move|p2b: Iron Hands|Close Combat|p1a: Katty?\n|-supereffective|p1a: Katty?\n|-damage|p1a: Katty?|0 fnt\n|-unboost|p2b: Iron Hands|def|1\n|-unboost|p2b: Iron Hands|spd|1\n|faint|p1a: Katty?\n|\n|-weather|none\n|upkeep\n|c|\u2606awesome10billion|GG\n|\n|t:|1682881478\n|switch|p2a: Baxcalibur|Baxcalibur, L50, F|100\/100\n|turn|6\n|\n|t:|1682881486\n|-terastallize|p1b: Shinigami|Fighting\n|move|p2a: Baxcalibur|Ice Shard|p1b: Shinigami\n|-damage|p1b: Shinigami|0 fnt\n|faint|p1b: Shinigami\n|\n|win|awesome10billion\n|l| BumpyBumps\n","uploadtime":1682881494,"views":6,"p1id":"xxxninu2008","p2id":"awesome10billion","formatid":"gen9vgc2023regulationc","rating":0,"private":0,"password":""}