{"id":"gen9vgc2023regulationc-1846480232","p1":"Poopyfartkingtrue","p2":"ObsidianPotato","format":"[Gen 9] VGC 2023 Regulation C","log":"|j|\u2606Poopyfartkingtrue\n|j|\u2606ObsidianPotato\n|t:|1681844351\n|gametype|doubles\n|player|p1|Poopyfartkingtrue|li|1015\n|player|p2|ObsidianPotato|170|1069\n|teamsize|p1|6\n|teamsize|p2|6\n|gen|9\n|tier|[Gen 9] VGC 2023 Regulation C\n|rated|\n|rule|Species Clause: Limit one of each Pok\u00e9mon\n|rule|Item Clause: Limit one of each item\n|clearpoke\n|poke|p1|Muk, L50, F|\n|poke|p1|Gastrodon, L50, F|\n|poke|p1|Jigglypuff, L50, M|\n|poke|p1|Swalot, L50, F|\n|poke|p1|Slowking, L50, F|\n|poke|p1|Slowbro, L50, M|\n|poke|p2|Torkoal, L50, F|\n|poke|p2|Lilligant, L50, F|\n|poke|p2|Flutter Mane, L50|\n|poke|p2|Great Tusk, L50|\n|poke|p2|Dragonite, L50, M|\n|poke|p2|Chien-Pao, L50|\n|teampreview|4\nObsidianPotato has agreed to open team sheets.\n|\n|t:|1681844420\n|start\n|switch|p1a: Muk|Muk, L50, F|100\/100\n|switch|p1b: Swalot|Swalot, L50, F|100\/100\n|switch|p2a: Torkoal|Torkoal, L50, F|100\/100\n|switch|p2b: Lilligant|Lilligant, L50, F|100\/100\n|-weather|SunnyDay|[from] ability: Drought|[of] p2a: Torkoal\n|turn|1\n|\n|t:|1681844442\n|-terastallize|p1a: Muk|Fire\n|-terastallize|p2a: Torkoal|Fire\n|move|p2b: Lilligant|After You|p2a: Torkoal\n|-activate|p2a: Torkoal|move: After You\n|move|p2a: Torkoal|Eruption|p1b: Swalot|[spread] p1a,p1b\n|-resisted|p1a: Muk\n|-damage|p1a: Muk|55\/100\n|-damage|p1b: Swalot|0 fnt\n|faint|p1b: Swalot\n|move|p1a: Muk|Stockpile|p1a: Muk\n|-start|p1a: Muk|stockpile1\n|-boost|p1a: Muk|def|1\n|-boost|p1a: Muk|spd|1\n|\n|-weather|SunnyDay|[upkeep]\n|-heal|p1a: Muk|61\/100|[from] item: Leftovers\n|upkeep\n|\n|t:|1681844465\n|switch|p1b: Slowking|Slowking, L50, F|100\/100\n|turn|2\n|\n|t:|1681844506\n|move|p1b: Slowking|Protect|p1b: Slowking\n|-singleturn|p1b: Slowking|Protect\n|move|p2a: Torkoal|Protect|p2a: Torkoal\n|-singleturn|p2a: Torkoal|Protect\n|move|p2b: Lilligant|Sleep Powder|p1a: Muk|[miss]\n|-miss|p2b: Lilligant|p1a: Muk\n|move|p1a: Muk|Stockpile|p1a: Muk\n|-start|p1a: Muk|stockpile2\n|-boost|p1a: Muk|def|1\n|-boost|p1a: Muk|spd|1\n|\n|-weather|SunnyDay|[upkeep]\n|-heal|p1a: Muk|67\/100|[from] item: Leftovers\n|upkeep\n|turn|3\n|\n|t:|1681844577\n|switch|p2a: Flutter Mane|Flutter Mane, L50|100\/100\n|-activate|p2a: Flutter Mane|ability: Protosynthesis\n|-start|p2a: Flutter Mane|protosynthesisspa\n|move|p2b: Lilligant|Sleep Powder|p1a: Muk\n|-status|p1a: Muk|slp|[from] move: Sleep Powder\n|cant|p1a: Muk|slp\n|move|p1b: Slowking|Amnesia|p1b: Slowking\n|-boost|p1b: Slowking|spd|2\n|\n|-weather|SunnyDay|[upkeep]\n|-heal|p1a: Muk|74\/100 slp|[from] item: Leftovers\n|upkeep\n|turn|4\n|inactive|Battle timer is ON: inactive players will automatically lose when time's up. (requested by Poopyfartkingtrue)\n|\n|t:|1681844611\n|move|p2b: Lilligant|Sleep Powder|p1b: Slowking|[miss]\n|-miss|p2b: Lilligant|p1b: Slowking\n|move|p2a: Flutter Mane|Dazzling Gleam|p1a: Muk|[spread] p1a,p1b\n|-resisted|p1a: Muk\n|-damage|p1a: Muk|60\/100 slp\n|-damage|p1b: Slowking|75\/100\n|cant|p1a: Muk|slp\n|move|p1b: Slowking|Amnesia|p1b: Slowking\n|-boost|p1b: Slowking|spd|2\n|\n|-weather|SunnyDay|[upkeep]\n|-heal|p1a: Muk|67\/100 slp|[from] item: Leftovers\n|upkeep\n|turn|5\n|\n|t:|1681844627\n|move|p2b: Lilligant|Sleep Powder|p1b: Slowking|[miss]\n|-miss|p2b: Lilligant|p1b: Slowking\n|move|p2a: Flutter Mane|Dazzling Gleam|p1a: Muk|[spread] p1a,p1b\n|-resisted|p1a: Muk\n|-crit|p1a: Muk\n|-damage|p1a: Muk|27\/100 slp\n|-damage|p1b: Slowking|59\/100\n|cant|p1a: Muk|slp\n|move|p1b: Slowking|Amnesia|p1b: Slowking\n|-boost|p1b: Slowking|spd|2\n|\n|-weather|none\n|-end|p2a: Flutter Mane|Protosynthesis\n|-heal|p1a: Muk|33\/100 slp|[from] item: Leftovers\n|upkeep\n|turn|6\n|inactive|Poopyfartkingtrue has 30 seconds left.\n|\n|t:|1681844658\n|move|p2a: Flutter Mane|Dazzling Gleam|p1a: Muk|[spread] p1a,p1b\n|-resisted|p1a: Muk\n|-damage|p1a: Muk|23\/100 slp\n|-damage|p1b: Slowking|50\/100\n|move|p2b: Lilligant|Sleep Powder|p1b: Slowking\n|-status|p1b: Slowking|slp|[from] move: Sleep Powder\n|-curestatus|p1a: Muk|slp|[msg]\n|move|p1a: Muk|Imprison|p1a: Muk\n|-start|p1a: Muk|move: Imprison\n|cant|p1b: Slowking|slp\n|\n|-heal|p1a: Muk|29\/100|[from] item: Leftovers\n|upkeep\n|turn|7\n|\n|t:|1681844683\n|move|p1a: Muk|Protect|p1a: Muk\n|-singleturn|p1a: Muk|Protect\n|move|p2a: Flutter Mane|Dazzling Gleam|p1a: Muk|[spread] p1b\n|-activate|p1a: Muk|move: Protect\n|-damage|p1b: Slowking|39\/100 slp\n|move|p2b: Lilligant|Sleep Powder|p1a: Muk\n|-activate|p1a: Muk|move: Protect\n|cant|p1b: Slowking|slp\n|\n|-heal|p1a: Muk|35\/100|[from] item: Leftovers\n|upkeep\n|turn|8\n|\n|t:|1681844697\n|cant|p1b: Slowking|slp\n|move|p2a: Flutter Mane|Dazzling Gleam|p1b: Slowking|[spread] p1a,p1b\n|-resisted|p1a: Muk\n|-damage|p1a: Muk|26\/100\n|-damage|p1b: Slowking|29\/100 slp\n|move|p2b: Lilligant|Sleep Powder|p1a: Muk\n|-status|p1a: Muk|slp|[from] move: Sleep Powder\n|cant|p1a: Muk|slp\n|\n|-heal|p1a: Muk|32\/100 slp|[from] item: Leftovers\n|upkeep\n|turn|9\n|\n|t:|1681844720\n|-curestatus|p1b: Slowking|slp|[msg]\n|move|p1b: Slowking|Protect|p1b: Slowking\n|-singleturn|p1b: Slowking|Protect\n|move|p2a: Flutter Mane|Dazzling Gleam|p1b: Slowking|[spread] p1a\n|-activate|p1b: Slowking|move: Protect\n|-resisted|p1a: Muk\n|-damage|p1a: Muk|23\/100 slp\n|move|p2b: Lilligant|Sleep Powder|p1b: Slowking\n|-activate|p1b: Slowking|move: Protect\n|cant|p1a: Muk|slp\n|\n|-heal|p1a: Muk|29\/100 slp|[from] item: Leftovers\n|upkeep\n|turn|10\n|\n|t:|1681844741\n|move|p2a: Flutter Mane|Dazzling Gleam|p1b: Slowking|[spread] p1a,p1b\n|-resisted|p1a: Muk\n|-damage|p1a: Muk|19\/100 slp\n|-damage|p1b: Slowking|20\/100\n|move|p2b: Lilligant|Leaf Storm|p1a: Muk|[miss]\n|-miss|p2b: Lilligant|p1a: Muk\n|-curestatus|p1a: Muk|slp|[msg]\n|move|p1a: Muk|Stockpile|p1a: Muk\n|-start|p1a: Muk|stockpile3\n|-boost|p1a: Muk|def|1\n|-boost|p1a: Muk|spd|1\n|move|p1b: Slowking|Tackle|p2b: Lilligant\n|-damage|p2b: Lilligant|90\/100\n|\n|-heal|p1a: Muk|25\/100|[from] item: Leftovers\n|upkeep\n|turn|11\n|\n|t:|1681844758\n|move|p1a: Muk|Protect|p1a: Muk\n|-singleturn|p1a: Muk|Protect\n|move|p1b: Slowking|Protect|p1b: Slowking\n|-singleturn|p1b: Slowking|Protect\n|move|p2a: Flutter Mane|Dazzling Gleam|p1b: Slowking|[spread] \n|-activate|p1a: Muk|move: Protect\n|-activate|p1b: Slowking|move: Protect\n|move|p2b: Lilligant|Sleep Powder|p1a: Muk\n|-activate|p1a: Muk|move: Protect\n|\n|-heal|p1a: Muk|31\/100|[from] item: Leftovers\n|upkeep\n|turn|12\n|\n|t:|1681844775\n|move|p2a: Flutter Mane|Dazzling Gleam|p1a: Muk|[spread] p1a,p1b\n|-resisted|p1a: Muk\n|-damage|p1a: Muk|24\/100\n|-damage|p1b: Slowking|9\/100\n|move|p2b: Lilligant|Sleep Powder|p1a: Muk\n|-status|p1a: Muk|slp|[from] move: Sleep Powder\n|cant|p1a: Muk|slp\n|move|p1b: Slowking|Tackle|p2b: Lilligant\n|-damage|p2b: Lilligant|79\/100\n|\n|-heal|p1a: Muk|30\/100 slp|[from] item: Leftovers\n|upkeep\n|turn|13\n|\n|t:|1681844789\n|move|p1b: Slowking|Protect|p1b: Slowking\n|-singleturn|p1b: Slowking|Protect\n|move|p2a: Flutter Mane|Dazzling Gleam|p1a: Muk|[spread] p1a\n|-activate|p1b: Slowking|move: Protect\n|-resisted|p1a: Muk\n|-damage|p1a: Muk|22\/100 slp\n|move|p2b: Lilligant|Leaf Storm|p1a: Muk\n|-resisted|p1a: Muk\n|-damage|p1a: Muk|13\/100 slp\n|-unboost|p2b: Lilligant|spa|2\n|-curestatus|p1a: Muk|slp|[msg]\n|move|p1a: Muk|Stockpile||[still]\n|-fail|p1a: Muk\n|\n|-heal|p1a: Muk|19\/100|[from] item: Leftovers\n|upkeep\n|turn|14\n|inactive|ObsidianPotato has 30 seconds left.\n|inactive|ObsidianPotato has 20 seconds left.\n|\n|t:|1681844829\n|move|p1a: Muk|Protect|p1a: Muk\n|-singleturn|p1a: Muk|Protect\n|move|p2a: Flutter Mane|Dazzling Gleam|p1a: Muk|[spread] p1b\n|-activate|p1a: Muk|move: Protect\n|-damage|p1b: Slowking|0 fnt\n|faint|p1b: Slowking\n|move|p2b: Lilligant|Leaf Storm|p1a: Muk\n|-activate|p1a: Muk|move: Protect\n|\n|-heal|p1a: Muk|25\/100|[from] item: Leftovers\n|upkeep\n|\n|t:|1681844840\n|switch|p1b: Gastrodon|Gastrodon, L50, F|100\/100\n|turn|15\n|\n|t:|1681844848\n|move|p2a: Flutter Mane|Dazzling Gleam|p1a: Muk|[spread] p1a,p1b\n|-resisted|p1a: Muk\n|-damage|p1a: Muk|18\/100\n|-damage|p1b: Gastrodon|60\/100\n|move|p2b: Lilligant|Leaf Storm|p1b: Gastrodon\n|-supereffective|p1b: Gastrodon\n|-damage|p1b: Gastrodon|0 fnt\n|-unboost|p2b: Lilligant|spa|2\n|faint|p1b: Gastrodon\n|move|p1a: Muk|Stockpile||[still]\n|-fail|p1a: Muk\n|\n|-heal|p1a: Muk|24\/100|[from] item: Leftovers\n|upkeep\n|turn|16\n|\n|t:|1681844866\n|move|p1a: Muk|Protect|p1a: Muk\n|-singleturn|p1a: Muk|Protect\n|move|p2a: Flutter Mane|Dazzling Gleam|p1a: Muk\n|-activate|p1a: Muk|move: Protect\n|move|p2b: Lilligant|Sleep Powder|p1a: Muk\n|-activate|p1a: Muk|move: Protect\n|\n|-heal|p1a: Muk|30\/100|[from] item: Leftovers\n|upkeep\n|turn|17\n|\n|t:|1681844881\n|move|p2a: Flutter Mane|Dazzling Gleam|p1a: Muk\n|-resisted|p1a: Muk\n|-damage|p1a: Muk|19\/100\n|move|p2b: Lilligant|Sleep Powder|p1a: Muk|[miss]\n|-miss|p2b: Lilligant|p1a: Muk\n|move|p1a: Muk|Stockpile||[still]\n|-fail|p1a: Muk\n|\n|-heal|p1a: Muk|25\/100|[from] item: Leftovers\n|upkeep\n|turn|18\n|\n|t:|1681844895\n|move|p1a: Muk|Protect|p1a: Muk\n|-singleturn|p1a: Muk|Protect\n|move|p2a: Flutter Mane|Dazzling Gleam|p1a: Muk\n|-activate|p1a: Muk|move: Protect\n|move|p2b: Lilligant|Sleep Powder|p1a: Muk\n|-activate|p1a: Muk|move: Protect\n|\n|-heal|p1a: Muk|31\/100|[from] item: Leftovers\n|upkeep\n|turn|19\n|\n|t:|1681844913\n|move|p2a: Flutter Mane|Dazzling Gleam|p1a: Muk\n|-resisted|p1a: Muk\n|-damage|p1a: Muk|20\/100\n|move|p2b: Lilligant|Sleep Powder|p1a: Muk\n|-status|p1a: Muk|slp|[from] move: Sleep Powder\n|cant|p1a: Muk|slp\n|\n|-heal|p1a: Muk|26\/100 slp|[from] item: Leftovers\n|upkeep\n|turn|20\n|\n|t:|1681844930\n|-end|p2a: Flutter Mane|Protosynthesis|[silent]\n|switch|p2a: Dragonite|Dragonite, L50, M|100\/100\n|-curestatus|p1a: Muk|slp|[msg]\n|move|p1a: Muk|Protect|p1a: Muk\n|-singleturn|p1a: Muk|Protect\n|move|p2b: Lilligant|Leaf Storm|p1a: Muk\n|-activate|p1a: Muk|move: Protect\n|\n|-heal|p1a: Muk|32\/100|[from] item: Leftovers\n|upkeep\n|turn|21\n|inactive|ObsidianPotato has 30 seconds left.\n|inactive|ObsidianPotato has 20 seconds left.\n|inactive|ObsidianPotato has 15 seconds left.\n|\n|t:|1681844972\n|move|p2b: Lilligant|Sleep Powder|p1a: Muk|[miss]\n|-miss|p2b: Lilligant|p1a: Muk\n|move|p2a: Dragonite|Stomping Tantrum|p1a: Muk\n|-supereffective|p1a: Muk\n|-damage|p1a: Muk|5\/100\n|move|p1a: Muk|Stockpile||[still]\n|-fail|p1a: Muk\n|\n|-heal|p1a: Muk|11\/100|[from] item: Leftovers\n|upkeep\n|turn|22\n|inactive|ObsidianPotato has 30 seconds left.\n|\n|t:|1681845002\n|switch|p2b: Flutter Mane|Flutter Mane, L50|100\/100\n|move|p1a: Muk|Protect|p1a: Muk\n|-singleturn|p1a: Muk|Protect\n|move|p2a: Dragonite|Stomping Tantrum|p1a: Muk\n|-activate|p1a: Muk|move: Protect\n|\n|-heal|p1a: Muk|17\/100|[from] item: Leftovers\n|upkeep\n|turn|23\n|\n|t:|1681845018\n|move|p2b: Flutter Mane|Moonblast|p1a: Muk\n|-resisted|p1a: Muk\n|-damage|p1a: Muk|4\/100\n|move|p2a: Dragonite|Stomping Tantrum|p1a: Muk\n|-supereffective|p1a: Muk\n|-damage|p1a: Muk|0 fnt\n|faint|p1a: Muk\n|\n|win|ObsidianPotato\n|raw|Poopyfartkingtrue's rating: 1015 → 1005<\/strong> (-10 for losing)\n|raw|ObsidianPotato's rating: 1069 → 1094<\/strong> (+25 for winning)\n|l|\u2606Poopyfartkingtrue\n","uploadtime":1681845030,"views":9,"p1id":"poopyfartkingtrue","p2id":"obsidianpotato","formatid":"gen9vgc2023regulationc","rating":1005,"private":0,"password":""}