{"id":"gen9vgc2023regulationc-1847695396","p1":"Realutd","p2":"trusken","format":"[Gen 9] VGC 2023 Regulation C","log":"|j|\u2606Realutd\n|j|\u2606trusken\n|t:|1681993385\n|gametype|doubles\n|player|p1|Realutd|cynthia-gen4|1129\n|player|p2|trusken|ghetsis-gen5bw|1190\n|teamsize|p1|6\n|teamsize|p2|6\n|gen|9\n|tier|[Gen 9] VGC 2023 Regulation C\n|rated|\n|rule|Species Clause: Limit one of each Pok\u00e9mon\n|rule|Item Clause: Limit one of each item\n|clearpoke\n|poke|p1|Espathra, L50, F|\n|poke|p1|Chi-Yu, L50|\n|poke|p1|Gyarados, L50, M|\n|poke|p1|Sandy Shocks, L50|\n|poke|p1|Amoonguss, L50, M|\n|poke|p1|Ting-Lu, L50|\n|poke|p2|Garchomp, L50, M|\n|poke|p2|Amoonguss, L50, F|\n|poke|p2|Arcanine, L50, F|\n|poke|p2|Chien-Pao, L50|\n|poke|p2|Palafin, L50, F|\n|poke|p2|Corviknight, L50, M|\n|teampreview|4\n|inactive|Battle timer is ON: inactive players will automatically lose when time's up. (requested by trusken)\n|\n|t:|1681993419\n|start\n|switch|p1a: Gyarados|Gyarados, L50, M|100\/100\n|switch|p1b: Amoonguss|Amoonguss, L50, M|100\/100\n|switch|p2a: Garchomp|Garchomp, L50, M|100\/100\n|switch|p2b: Amoonguss|Amoonguss, L50, F|100\/100\n|-ability|p1a: Gyarados|Intimidate|boost\n|-fail|p2a: Garchomp|unboost|[from] item: Clear Amulet|[of] p2a: Garchomp\n|-unboost|p2b: Amoonguss|atk|1\n|turn|1\n|c|\u2606Realutd|Did we battle jn?\n|\n|t:|1681993443\n|move|p2a: Garchomp|Rock Slide|p1b: Amoonguss|[spread] p1a,p1b\n|-supereffective|p1a: Gyarados\n|-damage|p1a: Gyarados|57\/100\n|-damage|p1b: Amoonguss|83\/100\n|-enditem|p1a: Gyarados|Eject Button\n|\n|t:|1681993452\n|switch|p1a: Espathra|Espathra, L50, F|100\/100\n|move|p1b: Amoonguss|Spore|p2a: Garchomp\n|-status|p2a: Garchomp|slp|[from] move: Spore\n|move|p2b: Amoonguss|Spore|p1a: Espathra\n|-status|p1a: Espathra|slp|[from] move: Spore\n|\n|upkeep\n|turn|2\n|\n|t:|1681993473\n|switch|p1a: Gyarados|Gyarados, L50, M|57\/100\n|-ability|p1a: Gyarados|Intimidate|boost\n|-fail|p2a: Garchomp|unboost|[from] item: Clear Amulet|[of] p2a: Garchomp\n|-unboost|p2b: Amoonguss|atk|1\n|cant|p2a: Garchomp|slp\n|move|p1b: Amoonguss|Pollen Puff|p1a: Gyarados\n|-heal|p1a: Gyarados|100\/100\n|move|p2b: Amoonguss|Clear Smog|p1a: Gyarados\n|-damage|p1a: Gyarados|86\/100\n|-clearboost|p1a: Gyarados\n|\n|upkeep\n|turn|3\n|inactive|Realutd has 30 seconds left.\n|\n|t:|1681993499\n|-terastallize|p2a: Garchomp|Steel\n|cant|p2a: Garchomp|slp\n|move|p1a: Gyarados|Taunt|p2b: Amoonguss\n|-start|p2b: Amoonguss|move: Taunt\n|move|p1b: Amoonguss|Pollen Puff|p2b: Amoonguss\n|-damage|p2b: Amoonguss|86\/100\n|cant|p2b: Amoonguss|move: Taunt|Spore\n|\n|upkeep\n|turn|4\n|\n|t:|1681993522\n|switch|p1b: Ting-Lu|Ting-Lu, L50|100\/100\n|-ability|p1b: Ting-Lu|Vessel of Ruin\n|-curestatus|p2a: Garchomp|slp|[msg]\n|move|p2a: Garchomp|Rock Slide|p1b: Ting-Lu|[spread] p1a\n|-miss|p2a: Garchomp|p1b: Ting-Lu\n|-supereffective|p1a: Gyarados\n|-damage|p1a: Gyarados|41\/100\n|move|p1a: Gyarados|Thunder Wave|p2b: Amoonguss\n|-status|p2b: Amoonguss|par\n|move|p2b: Amoonguss|Clear Smog|p1a: Gyarados\n|-damage|p1a: Gyarados|30\/100\n|-clearboost|p1a: Gyarados\n|\n|upkeep\n|turn|5\n|inactive|Realutd has 30 seconds left.\n|\n|t:|1681993551\n|switch|p1a: Amoonguss|Amoonguss, L50, M|100\/100\n|move|p2a: Garchomp|Protect|p2a: Garchomp\n|-singleturn|p2a: Garchomp|Protect\n|move|p1b: Ting-Lu|Stomping Tantrum|p2a: Garchomp\n|-activate|p2a: Garchomp|move: Protect\n|move|p2b: Amoonguss|Clear Smog|p1a: Amoonguss\n|-damage|p1a: Amoonguss|91\/100\n|-clearboost|p1a: Amoonguss\n|\n|-end|p2b: Amoonguss|move: Taunt\n|upkeep\n|turn|6\n|\n|t:|1681993571\n|switch|p1b: Espathra|Espathra, L50, F|100\/100 slp\n|move|p2a: Garchomp|Dragon Claw|p1a: Amoonguss\n|-damage|p1a: Amoonguss|55\/100\n|move|p1a: Amoonguss|Spore|p2a: Garchomp\n|-status|p2a: Garchomp|slp|[from] move: Spore\n|move|p2b: Amoonguss|Spore|p1b: Espathra\n|-fail|p1b: Espathra|slp\n|\n|upkeep\n|turn|7\n|c|\u2606trusken|complete defensive amoonguss\n|\n|t:|1681993591\n|switch|p2a: Arcanine|Arcanine, L50, F|100\/100\n|-ability|p2a: Arcanine|Intimidate|boost\n|-unboost|p1a: Amoonguss|atk|1\n|-unboost|p1b: Espathra|atk|1\n|switch|p2b: Chien-Pao|Chien-Pao, L50|100\/100\n|-ability|p2b: Chien-Pao|Sword of Ruin\n|move|p1a: Amoonguss|Protect|p1a: Amoonguss\n|-singleturn|p1a: Amoonguss|Protect\n|cant|p1b: Espathra|slp\n|\n|-ability|p1b: Espathra|Speed Boost|boost\n|-boost|p1b: Espathra|spe|1\n|upkeep\n|turn|8\n|inactive|Realutd has 30 seconds left.\n|inactive|Realutd has 20 seconds left.\n|c|\u2606Realutd|If u mean mine then yes\n|inactive|Realutd has 15 seconds left.\n|\n|t:|1681993640\n|move|p1a: Amoonguss|Protect|p1a: Amoonguss\n|-singleturn|p1a: Amoonguss|Protect\n|move|p2b: Chien-Pao|Ice Shard|p1b: Espathra\n|-damage|p1b: Espathra|71\/100 slp\n|cant|p1b: Espathra|slp\n|move|p2a: Arcanine|Flare Blitz|p1a: Amoonguss\n|-activate|p1a: Amoonguss|move: Protect\n|\n|-ability|p1b: Espathra|Speed Boost|boost\n|-boost|p1b: Espathra|spe|1\n|upkeep\n|turn|9\n|\n|t:|1681993659\n|switch|p1a: Gyarados|Gyarados, L50, M|30\/100\n|-ability|p1a: Gyarados|Intimidate|boost\n|-unboost|p2a: Arcanine|atk|1\n|-unboost|p2b: Chien-Pao|atk|1\n|move|p2b: Chien-Pao|Ice Shard|p1a: Gyarados\n|-damage|p1a: Gyarados|9\/100\n|-curestatus|p1b: Espathra|slp|[msg]\n|move|p1b: Espathra|Lumina Crash|p2a: Arcanine\n|-damage|p2a: Arcanine|68\/100\n|-unboost|p2a: Arcanine|spd|2\n|move|p2a: Arcanine|Flare Blitz|p1b: Espathra\n|-damage|p1b: Espathra|14\/100\n|-damage|p2a: Arcanine|51\/100|[from] Recoil\n|\n|-ability|p1b: Espathra|Speed Boost|boost\n|-boost|p1b: Espathra|spe|1\n|upkeep\n|turn|10\n|inactive|Realutd has 30 seconds left.\n|\n|t:|1681993688\n|move|p1a: Gyarados|Protect|p1a: Gyarados\n|-singleturn|p1a: Gyarados|Protect\n|move|p2a: Arcanine|Extreme Speed|p1a: Gyarados\n|-activate|p1a: Gyarados|move: Protect\n|move|p2b: Chien-Pao|Sucker Punch|p1b: Espathra\n|-supereffective|p1b: Espathra\n|-damage|p1b: Espathra|0 fnt\n|faint|p1b: Espathra\n|\n|upkeep\n|\n|t:|1681993705\n|switch|p1b: Amoonguss|Amoonguss, L50, M|88\/100\n|turn|11\n|\n|t:|1681993714\n|switch|p2b: Amoonguss|Amoonguss, L50, F|100\/100 par\n|move|p1b: Amoonguss|Protect|p1b: Amoonguss\n|-singleturn|p1b: Amoonguss|Protect\n|move|p2a: Arcanine|Extreme Speed|p1a: Gyarados\n|-damage|p1a: Gyarados|0 fnt\n|faint|p1a: Gyarados\n|\n|upkeep\n|\n|t:|1681993724\n|switch|p1a: Ting-Lu|Ting-Lu, L50|100\/100\n|-ability|p1a: Ting-Lu|Vessel of Ruin\n|turn|12\n|\n|t:|1681993735\n|-terastallize|p1b: Amoonguss|Water\n|move|p2a: Arcanine|Protect|p2a: Arcanine\n|-singleturn|p2a: Arcanine|Protect\n|move|p1b: Amoonguss|Rage Powder|p1b: Amoonguss\n|-singleturn|p1b: Amoonguss|move: Rage Powder\n|move|p1a: Ting-Lu|Fissure|p2b: Amoonguss|[miss]\n|-miss|p1a: Ting-Lu|p2b: Amoonguss\n|move|p2b: Amoonguss|Spore|p1a: Ting-Lu\n|-status|p1a: Ting-Lu|slp|[from] move: Spore\n|\n|upkeep\n|turn|13\n|-message|Realutd forfeited.\n|\n|win|trusken\n|raw|Realutd's rating: 1129 → 1108<\/strong> (-21 for losing)\n|raw|trusken's rating: 1190 → 1211<\/strong> (+21 for winning)\n|c|\u2606trusken|gg\n|c|\u2606Realutd|Gg\n","uploadtime":1681993758,"views":14,"p1id":"realutd","p2id":"trusken","formatid":"gen9vgc2023regulationc","rating":1108,"private":0,"password":""}