{"id":"gen9vgc2023regulationc-1847666670","p1":"ned192","p2":"knight8512","format":"[Gen 9] VGC 2023 Regulation C","log":"|j|\u2606ned192\n|j|\u2606knight8512\n|t:|1681989923\n|gametype|doubles\n|player|p1|ned192|red|1154\n|player|p2|knight8512|boarder|1158\n|teamsize|p1|6\n|teamsize|p2|6\n|gen|9\n|tier|[Gen 9] VGC 2023 Regulation C\n|rated|\n|rule|Species Clause: Limit one of each Pok\u00e9mon\n|rule|Item Clause: Limit one of each item\n|clearpoke\n|poke|p1|Oranguru, L50, M|\n|poke|p1|Torkoal, L50, F|\n|poke|p1|Indeedee-F, L50, F|\n|poke|p1|Gholdengo, L50|\n|poke|p1|Dachsbun, L50, M|\n|poke|p1|Sableye, L50, F|\n|poke|p2|Garchomp, L50, M|\n|poke|p2|Gyarados, L50, M|\n|poke|p2|Flutter Mane, L50|\n|poke|p2|Talonflame, L50, M|\n|poke|p2|Amoonguss, L50, F|\n|poke|p2|Chien-Pao, L50|\n|teampreview|4\n|inactive|Battle timer is ON: inactive players will automatically lose when time's up. (requested by ned192)\n|\n|t:|1681989990\n|start\n|switch|p1a: Sableye|Sableye, L50, F|100\/100\n|switch|p1b: Dachsbun|Dachsbun, L50, M|100\/100\n|switch|p2a: Talonflame|Talonflame, L50, M|100\/100\n|switch|p2b: Gyarados|Gyarados, L50, M|100\/100\n|-ability|p2b: Gyarados|Intimidate|boost\n|-unboost|p1a: Sableye|atk|1\n|-unboost|p1b: Dachsbun|atk|1\n|turn|1\n|inactive|ned192 has 30 seconds left.\n|inactive|knight8512 has 30 seconds left.\n|\n|t:|1681990019\n|-terastallize|p1b: Dachsbun|Steel\n|move|p2a: Talonflame|Tailwind|p2a: Talonflame\n|-sidestart|p2: knight8512|move: Tailwind\n|move|p1a: Sableye|Taunt|p2b: Gyarados\n|-start|p2b: Gyarados|move: Taunt\n|cant|p2b: Gyarados|move: Taunt|Taunt\n|move|p1b: Dachsbun|Yawn|p2a: Talonflame\n|-start|p2a: Talonflame|move: Yawn|[of] p1b: Dachsbun\n|\n|upkeep\n|turn|2\n|\n|t:|1681990042\n|move|p1a: Sableye|Encore||[still]\n|-fail|p1a: Sableye\n|move|p2a: Talonflame|Taunt|p1a: Sableye\n|-start|p1a: Sableye|move: Taunt\n|move|p2b: Gyarados|Waterfall|p1a: Sableye\n|-damage|p1a: Sableye|62\/100\n|move|p1b: Dachsbun|Yawn||[still]\n|-fail|p1b: Dachsbun\n|\n|-end|p2a: Talonflame|move: Yawn|[silent]\n|-status|p2a: Talonflame|slp\n|upkeep\n|turn|3\n|inactive|ned192 has 30 seconds left.\n|inactive|knight8512 has 30 seconds left.\n|\n|t:|1681990072\n|switch|p1a: Oranguru|Oranguru, L50, M|100\/100\n|cant|p2a: Talonflame|slp\n|move|p2b: Gyarados|Waterfall|p1a: Oranguru\n|-damage|p1a: Oranguru|74\/100\n|move|p1b: Dachsbun|Yawn|p2b: Gyarados\n|-start|p2b: Gyarados|move: Yawn|[of] p1b: Dachsbun\n|\n|-end|p2b: Gyarados|move: Taunt\n|upkeep\n|turn|4\n|\n|t:|1681990091\n|switch|p1a: Sableye|Sableye, L50, F|62\/100\n|cant|p2a: Talonflame|slp\n|move|p2b: Gyarados|Taunt|p1a: Sableye\n|-start|p1a: Sableye|move: Taunt\n|move|p1b: Dachsbun|Body Press|p2b: Gyarados\n|-resisted|p2b: Gyarados\n|-crit|p2b: Gyarados\n|-damage|p2b: Gyarados|86\/100\n|\n|-end|p2b: Gyarados|move: Yawn|[silent]\n|-status|p2b: Gyarados|slp\n|-sideend|p2: knight8512|move: Tailwind\n|upkeep\n|turn|5\n|\n|t:|1681990110\n|switch|p1a: Torkoal|Torkoal, L50, F|100\/100\n|-weather|SunnyDay|[from] ability: Drought|[of] p1a: Torkoal\n|-curestatus|p2a: Talonflame|slp|[msg]\n|move|p2a: Talonflame|Tailwind|p2a: Talonflame\n|-sidestart|p2: knight8512|move: Tailwind\n|cant|p2b: Gyarados|slp\n|move|p1b: Dachsbun|Body Press|p2a: Talonflame\n|-resisted|p2a: Talonflame\n|-damage|p2a: Talonflame|84\/100\n|\n|-weather|SunnyDay|[upkeep]\n|upkeep\n|turn|6\n|inactive|ned192 has 30 seconds left.\n|inactive|knight8512 has 30 seconds left.\n|inactive|knight8512 has 20 seconds left.\n|inactive|knight8512 has 15 seconds left.\n|\n|t:|1681990152\n|switch|p1a: Sableye|Sableye, L50, F|62\/100\n|move|p2a: Talonflame|Taunt|p1b: Dachsbun\n|-start|p1b: Dachsbun|move: Taunt\n|cant|p2b: Gyarados|slp\n|cant|p1b: Dachsbun|move: Taunt|Yawn\n|\n|-weather|SunnyDay|[upkeep]\n|upkeep\n|turn|7\n|\n|t:|1681990168\n|move|p1a: Sableye|Taunt|p2a: Talonflame\n|-start|p2a: Talonflame|move: Taunt\n|cant|p2a: Talonflame|move: Taunt|Taunt\n|-curestatus|p2b: Gyarados|slp|[msg]\n|move|p2b: Gyarados|Waterfall|p1a: Sableye\n|-damage|p1a: Sableye|44\/100\n|move|p1b: Dachsbun|Snarl|p2b: Gyarados|[spread] p2a,p2b\n|-damage|p2a: Talonflame|74\/100\n|-damage|p2b: Gyarados|81\/100\n|-unboost|p2b: Gyarados|spa|1\n|\n|-weather|SunnyDay|[upkeep]\n|upkeep\n|turn|8\n|inactive|knight8512 has 30 seconds left.\n|\n|t:|1681990200\n|switch|p2a: Garchomp|Garchomp, L50, M|100\/100\n|move|p1a: Sableye|Will-O-Wisp|p1b: Dachsbun\n|-ability|p1b: Dachsbun|Well-Baked Body|boost\n|-boost|p1b: Dachsbun|def|2\n|move|p2b: Gyarados|Taunt|p1a: Sableye\n|-start|p1a: Sableye|move: Taunt\n|move|p1b: Dachsbun|Body Press|p2b: Gyarados\n|-resisted|p2b: Gyarados\n|-damage|p2b: Gyarados|60\/100\n|\n|-weather|SunnyDay|[upkeep]\n|-end|p1b: Dachsbun|move: Taunt\n|-sideend|p2: knight8512|move: Tailwind\n|upkeep\n|turn|9\n|inactive|ned192 has 30 seconds left.\n|inactive|knight8512 has 30 seconds left.\n|inactive|ned192 has 20 seconds left.\n|inactive|ned192 has 15 seconds left.\n|inactive|ned192 has 10 seconds left.\n|inactive|ned192 has 5 seconds left.\n|\n|t:|1681990255\n|move|p2b: Gyarados|Helping Hand|p2a: Garchomp\n|-singleturn|p2a: Garchomp|Helping Hand|[of] p2b: Gyarados\n|move|p2a: Garchomp|Earthquake|p1b: Dachsbun|[spread] p1a,p1b\n|-immune|p2b: Gyarados\n|-supereffective|p1b: Dachsbun\n|-damage|p1a: Sableye|0 fnt\n|-damage|p1b: Dachsbun|34\/100\n|faint|p1a: Sableye\n|-damage|p2a: Garchomp|91\/100|[from] item: Life Orb\n|move|p1b: Dachsbun|Snarl|p2a: Garchomp|[spread] p2a,p2b\n|-damage|p2a: Garchomp|85\/100\n|-damage|p2b: Gyarados|55\/100\n|-unboost|p2a: Garchomp|spa|1\n|-unboost|p2b: Gyarados|spa|1\n|\n|-weather|none\n|-heal|p1b: Dachsbun|40\/100|[from] item: Leftovers\n|upkeep\n|inactive|ned192 has 30 seconds left.\n|\n|t:|1681990281\n|switch|p1a: Oranguru|Oranguru, L50, M|74\/100\n|turn|10\n|\n|t:|1681990298\n|move|p1b: Dachsbun|Protect|p1b: Dachsbun\n|-singleturn|p1b: Dachsbun|Protect\n|move|p2a: Garchomp|Earthquake|p1a: Oranguru|[spread] p1a\n|-activate|p1b: Dachsbun|move: Protect\n|-immune|p2b: Gyarados\n|-damage|p1a: Oranguru|36\/100\n|-damage|p2a: Garchomp|76\/100|[from] item: Life Orb\n|move|p2b: Gyarados|Taunt|p1a: Oranguru\n|-start|p1a: Oranguru|move: Taunt\n|cant|p1a: Oranguru|move: Taunt|Trick Room\n|\n|-heal|p1b: Dachsbun|46\/100|[from] item: Leftovers\n|upkeep\n|turn|11\n|inactive|ned192 has 30 seconds left.\n|inactive|ned192 has 20 seconds left.\n|inactive|ned192 has 15 seconds left.\n|inactive|ned192 has 10 seconds left.\n|inactive|ned192 has 5 seconds left.\n|\n|t:|1681990353\n|move|p2b: Gyarados|Helping Hand|p2a: Garchomp\n|-singleturn|p2a: Garchomp|Helping Hand|[of] p2b: Gyarados\n|move|p2a: Garchomp|Earthquake|p1a: Oranguru|[spread] p1a,p1b\n|-immune|p2b: Gyarados\n|-supereffective|p1b: Dachsbun\n|-damage|p1a: Oranguru|0 fnt\n|-damage|p1b: Dachsbun|0 fnt\n|faint|p1a: Oranguru\n|faint|p1b: Dachsbun\n|-damage|p2a: Garchomp|66\/100|[from] item: Life Orb\n|\n|upkeep\n|inactive|ned192 has 30 seconds left.\n|c|\u2606knight8512|Ggs\n|inactive|ned192 has 20 seconds left.\n|-message|ned192 forfeited.\n|\n|win|knight8512\n|raw|ned192's rating: 1130 → 1107<\/strong> (-23 for losing)\n|raw|knight8512's rating: 1158 → 1181<\/strong> (+23 for winning)\n|l|\u2606ned192\n","uploadtime":1681990582,"views":18,"p1id":"ned192","p2id":"knight8512","formatid":"gen9vgc2023regulationc","rating":1107,"private":0,"password":""}