{"id":"gen9vgc2023regulationc-1846910542","p1":"ts02942461","p2":"SadSob","format":"[Gen 9] VGC 2023 Regulation C","log":"|j|\u2606ts02942461\n|j|\u2606SadSob\n|t:|1681899638\n|gametype|doubles\n|player|p1|ts02942461|101|1209\n|player|p2|SadSob|cynthia-gen4|1267\n|teamsize|p1|6\n|teamsize|p2|6\n|gen|9\n|tier|[Gen 9] VGC 2023 Regulation C\n|rated|\n|rule|Species Clause: Limit one of each Pok\u00e9mon\n|rule|Item Clause: Limit one of each item\n|clearpoke\n|poke|p1|Scizor, L50, F|\n|poke|p1|Gastrodon, L50, M|\n|poke|p1|Farigiraf, L50, M|\n|poke|p1|Dudunsparce-*, L50, M|\n|poke|p1|Sandy Shocks, L50|\n|poke|p1|Staraptor, L50, M|\n|poke|p2|Arcanine, L50, M|\n|poke|p2|Palafin, L50, M|\n|poke|p2|Flutter Mane, L50|\n|poke|p2|Chi-Yu, L50|\n|poke|p2|Amoonguss, L50, F|\n|poke|p2|Roaring Moon, L50|\n|teampreview|4\n|\n|t:|1681899656\n|start\n|switch|p1a: Dudunsparce|Dudunsparce, L50, M|100\/100\n|switch|p1b: Staraptor|Staraptor, L50, M|100\/100\n|switch|p2a: Roaring Moon|Roaring Moon, L50, shiny|100\/100\n|switch|p2b: Arcanine|Arcanine, L50, M|100\/100\n|-ability|p1b: Staraptor|Intimidate|boost\n|-unboost|p2a: Roaring Moon|atk|1\n|-unboost|p2b: Arcanine|atk|1\n|-ability|p2b: Arcanine|Intimidate|boost\n|-unboost|p1a: Dudunsparce|atk|1\n|-ability|p1a: Dudunsparce|Rattled|boost\n|-boost|p1a: Dudunsparce|spe|1\n|-unboost|p1b: Staraptor|atk|1\n|-enditem|p2a: Roaring Moon|Booster Energy\n|-activate|p2a: Roaring Moon|ability: Protosynthesis|[fromitem]\n|-start|p2a: Roaring Moon|protosynthesisspe\n|turn|1\n|\n|t:|1681899690\n|-end|p2a: Roaring Moon|Protosynthesis|[silent]\n|switch|p2a: Amoonguss|Amoonguss, L50, F, shiny|100\/100\n|move|p1b: Staraptor|Brave Bird|p2a: Amoonguss\n|-supereffective|p2a: Amoonguss\n|-damage|p2a: Amoonguss|43\/100\n|-enditem|p2a: Amoonguss|Sitrus Berry|[eat]\n|-heal|p2a: Amoonguss|67\/100|[from] item: Sitrus Berry\n|-damage|p1b: Staraptor|79\/100|[from] Recoil\n|move|p2b: Arcanine|Will-O-Wisp|p1b: Staraptor\n|-status|p1b: Staraptor|brn\n|move|p1a: Dudunsparce|Stealth Rock|p2a: Amoonguss\n|-sidestart|p2: SadSob|move: Stealth Rock\n|\n|-damage|p1b: Staraptor|72\/100 brn|[from] brn\n|upkeep\n|turn|2\n|\n|t:|1681899709\n|move|p2a: Amoonguss|Protect|p2a: Amoonguss\n|-singleturn|p2a: Amoonguss|Protect\n|move|p1b: Staraptor|Brave Bird|p2a: Amoonguss\n|-activate|p2a: Amoonguss|move: Protect\n|move|p2b: Arcanine|Will-O-Wisp|p1a: Dudunsparce\n|-status|p1a: Dudunsparce|brn\n|move|p1a: Dudunsparce|Ice Spinner|p2a: Amoonguss\n|-activate|p2a: Amoonguss|move: Protect\n|\n|-damage|p1b: Staraptor|66\/100 brn|[from] brn\n|-damage|p1a: Dudunsparce|94\/100 brn|[from] brn\n|upkeep\n|turn|3\n|\n|t:|1681899725\n|-terastallize|p2a: Amoonguss|Water\n|move|p1b: Staraptor|Brave Bird|p2a: Amoonguss\n|-damage|p2a: Amoonguss|51\/100\n|-damage|p1b: Staraptor|60\/100 brn|[from] Recoil\n|move|p2b: Arcanine|Flare Blitz|p1a: Dudunsparce\n|-damage|p1a: Dudunsparce|62\/100 brn\n|-damage|p2b: Arcanine|88\/100|[from] Recoil\n|move|p1a: Dudunsparce|Ice Spinner|p2a: Amoonguss\n|-resisted|p2a: Amoonguss\n|-damage|p2a: Amoonguss|48\/100\n|move|p2a: Amoonguss|Pollen Puff|p2b: Arcanine\n|-heal|p2b: Arcanine|100\/100\n|\n|-heal|p1a: Dudunsparce|68\/100 brn|[from] item: Leftovers\n|-damage|p1b: Staraptor|54\/100 brn|[from] brn\n|-damage|p1a: Dudunsparce|62\/100 brn|[from] brn\n|upkeep\n|turn|4\n|\n|t:|1681899751\n|switch|p1b: Gastrodon|Gastrodon, L50, M|100\/100\n|switch|p2a: Roaring Moon|Roaring Moon, L50, shiny|100\/100\n|-damage|p2a: Roaring Moon|88\/100|[from] Stealth Rock\n|move|p2b: Arcanine|Howl|p2b: Arcanine|[spread] p2a,p2b\n|-boost|p2a: Roaring Moon|atk|1\n|-boost|p2b: Arcanine|atk|1\n|move|p1a: Dudunsparce|Hyper Drill|p2a: Roaring Moon\n|-damage|p2a: Roaring Moon|71\/100\n|\n|-heal|p1a: Dudunsparce|68\/100 brn|[from] item: Leftovers\n|-damage|p1a: Dudunsparce|62\/100 brn|[from] brn\n|upkeep\n|turn|5\n|\n|t:|1681899768\n|switch|p1b: Staraptor|Staraptor, L50, M|54\/100 brn\n|-ability|p1b: Staraptor|Intimidate|boost\n|-unboost|p2a: Roaring Moon|atk|1\n|-unboost|p2b: Arcanine|atk|1\n|move|p2a: Roaring Moon|Acrobatics|p1b: Staraptor\n|-damage|p1b: Staraptor|0 fnt\n|faint|p1b: Staraptor\n|move|p2b: Arcanine|Flare Blitz|p1a: Dudunsparce\n|-damage|p1a: Dudunsparce|28\/100 brn\n|-damage|p2b: Arcanine|88\/100|[from] Recoil\n|move|p1a: Dudunsparce|Ice Spinner|p2a: Roaring Moon\n|-supereffective|p2a: Roaring Moon\n|-damage|p2a: Roaring Moon|50\/100\n|\n|-heal|p1a: Dudunsparce|34\/100 brn|[from] item: Leftovers\n|-damage|p1a: Dudunsparce|28\/100 brn|[from] brn\n|upkeep\n|\n|t:|1681899785\n|switch|p1b: Scizor|Scizor, L50, F|100\/100\n|turn|6\n|\n|t:|1681899807\n|switch|p2b: Amoonguss|Amoonguss, L50, F, shiny, tera:Water|81\/100\n|-damage|p2b: Amoonguss|68\/100|[from] Stealth Rock\n|switch|p1a: Gastrodon|Gastrodon, L50, M|100\/100\n|-terastallize|p1b: Scizor|Fire\n|move|p2a: Roaring Moon|Acrobatics|p1b: Scizor\n|-damage|p1b: Scizor|58\/100\n|move|p1b: Scizor|Swords Dance|p1b: Scizor\n|-boost|p1b: Scizor|atk|2\n|\n|upkeep\n|turn|7\n|\n|t:|1681899827\n|switch|p1a: Dudunsparce|Dudunsparce, L50, M|28\/100 brn\n|move|p2a: Roaring Moon|Protect|p2a: Roaring Moon\n|-singleturn|p2a: Roaring Moon|Protect\n|move|p1b: Scizor|Bullet Punch|p2a: Roaring Moon\n|-activate|p2a: Roaring Moon|move: Protect\n|move|p2b: Amoonguss|Spore|p1b: Scizor\n|-activate|p1b: Scizor|item: Safety Goggles|Spore\n|\n|-heal|p1a: Dudunsparce|34\/100 brn|[from] item: Leftovers\n|-damage|p1a: Dudunsparce|28\/100 brn|[from] brn\n|upkeep\n|turn|8\n|\n|t:|1681899849\n|move|p1b: Scizor|Bullet Punch|p2a: Roaring Moon\n|-damage|p2a: Roaring Moon|0 fnt\n|faint|p2a: Roaring Moon\n|-end|p2a: Roaring Moon|Protosynthesis|[silent]\n|move|p1a: Dudunsparce|Hyper Drill|p2b: Amoonguss\n|-damage|p2b: Amoonguss|51\/100\n|move|p2b: Amoonguss|Pollen Puff|p2: Roaring Moon|[notarget]\n|-fail|p2b: Amoonguss\n|\n|-heal|p1a: Dudunsparce|34\/100 brn|[from] item: Leftovers\n|-damage|p1a: Dudunsparce|28\/100 brn|[from] brn\n|upkeep\n|\n|t:|1681899856\n|switch|p2a: Arcanine|Arcanine, L50, M|88\/100\n|-damage|p2a: Arcanine|63\/100|[from] Stealth Rock\n|-ability|p2a: Arcanine|Intimidate|boost\n|-unboost|p1a: Dudunsparce|atk|1\n|-ability|p1a: Dudunsparce|Rattled|boost\n|-boost|p1a: Dudunsparce|spe|1\n|-unboost|p1b: Scizor|atk|1\n|turn|9\n|\n|t:|1681899882\n|move|p2a: Arcanine|Flare Blitz|p1a: Dudunsparce\n|-damage|p1a: Dudunsparce|0 fnt\n|faint|p1a: Dudunsparce\n|-damage|p2a: Arcanine|53\/100|[from] Recoil\n|move|p1b: Scizor|Pounce|p2b: Amoonguss\n|-damage|p2b: Amoonguss|3\/100\n|-unboost|p2b: Amoonguss|spe|1\n|move|p2b: Amoonguss|Pollen Puff|p2a: Arcanine\n|-heal|p2a: Arcanine|100\/100\n|\n|upkeep\n|\n|t:|1681899896\n|switch|p1a: Gastrodon|Gastrodon, L50, M|100\/100\n|turn|10\n|\n|t:|1681899906\n|move|p1b: Scizor|Protect|p1b: Scizor\n|-singleturn|p1b: Scizor|Protect\n|move|p2b: Amoonguss|Protect|p2b: Amoonguss\n|-singleturn|p2b: Amoonguss|Protect\n|move|p2a: Arcanine|Flare Blitz|p1b: Scizor\n|-activate|p1b: Scizor|move: Protect\n|move|p1a: Gastrodon|Chilling Water|p2a: Arcanine\n|-supereffective|p2a: Arcanine\n|-damage|p2a: Arcanine|64\/100\n|-unboost|p2a: Arcanine|atk|1\n|\n|upkeep\n|turn|11\n|\n|t:|1681899921\n|move|p2a: Arcanine|Extreme Speed|p1b: Scizor\n|-damage|p1b: Scizor|41\/100\n|move|p1b: Scizor|Bullet Punch|p2b: Amoonguss\n|-resisted|p2b: Amoonguss\n|-damage|p2b: Amoonguss|0 fnt\n|faint|p2b: Amoonguss\n|move|p1a: Gastrodon|Earth Power|p2a: Arcanine\n|-supereffective|p2a: Arcanine\n|-damage|p2a: Arcanine|5\/100\n|\n|upkeep\n|\n|t:|1681899926\n|switch|p2b: Flutter Mane|Flutter Mane, L50, shiny|100\/100\n|-damage|p2b: Flutter Mane|88\/100|[from] Stealth Rock\n|turn|12\n|\n|t:|1681899938\n|move|p1b: Scizor|Protect|p1b: Scizor\n|-singleturn|p1b: Scizor|Protect\n|move|p1a: Gastrodon|Protect|p1a: Gastrodon\n|-singleturn|p1a: Gastrodon|Protect\n|move|p2a: Arcanine|Extreme Speed|p1b: Scizor\n|-activate|p1b: Scizor|move: Protect\n|move|p2b: Flutter Mane|Dazzling Gleam|p1a: Gastrodon|[spread] \n|-activate|p1a: Gastrodon|move: Protect\n|-activate|p1b: Scizor|move: Protect\n|\n|upkeep\n|turn|13\n|\n|t:|1681899952\n|move|p2a: Arcanine|Extreme Speed|p1b: Scizor\n|-damage|p1b: Scizor|26\/100\n|move|p1b: Scizor|Bullet Punch|p2b: Flutter Mane\n|-supereffective|p2b: Flutter Mane\n|-damage|p2b: Flutter Mane|0 fnt\n|faint|p2b: Flutter Mane\n|-end|p2b: Flutter Mane|Protosynthesis|[silent]\n|move|p1a: Gastrodon|Chilling Water|p2a: Arcanine\n|-supereffective|p2a: Arcanine\n|-damage|p2a: Arcanine|0 fnt\n|faint|p2a: Arcanine\n|\n|win|ts02942461\n|raw|ts02942461's rating: 1209 → 1238<\/strong> (+29 for winning)\n|raw|SadSob's rating: 1267 → 1238<\/strong> (-29 for losing)\n|l|\u2606SadSob\n","uploadtime":1681899995,"views":13,"p1id":"ts02942461","p2id":"sadsob","formatid":"gen9vgc2023regulationc","rating":1238,"private":0,"password":""}