{"id":"gen9vgc2023regulationc-1845547882","p1":"Raceto1700s","p2":"villywonka","format":"[Gen 9] VGC 2023 Regulation C","log":"|j|\u2606Raceto1700s\n|j|\u2606villywonka\n|t:|1681744002\n|gametype|doubles\n|player|p1|Raceto1700s|pokekid|\n|player|p2|villywonka|170|\n|teamsize|p1|6\n|teamsize|p2|6\n|gen|9\n|tier|[Gen 9] VGC 2023 Regulation C\n|rated|Tournament battle\n|rule|Species Clause: Limit one of each Pok\u00e9mon\n|rule|Item Clause: Limit one of each item\n|clearpoke\n|poke|p1|Maushold, L50|\n|poke|p1|Annihilape, L50, F|\n|poke|p1|Roaring Moon, L50|\n|poke|p1|Ting-Lu, L50|\n|poke|p1|Amoonguss, L50, M|\n|poke|p1|Arcanine, L50, M|\n|poke|p2|Chi-Yu, L50|\n|poke|p2|Flutter Mane, L50|\n|poke|p2|Gyarados, L50, M|\n|poke|p2|Kingambit, L50, F|\n|poke|p2|Amoonguss, L50, M|\n|poke|p2|Volcarona, L50, F|\n|teampreview|4\n|raw| Open Team Sheet for Raceto1700s<\/summary>Maushold @ Safety Goggles Ability: Friend Guard Level: 50 Tera Type: Fairy - Beat Up - Follow Me - Super Fang - Protect Annihilape @ Leftovers Ability: Vital Spirit Level: 50 Tera Type: Poison - Drain Punch - Rage Fist - Bulk Up - Protect Roaring Moon @ Booster Energy Ability: Protosynthesis Level: 50 Tera Type: Flying - Acrobatics - Breaking Swipe - Tailwind - Protect Ting-Lu @ Assault Vest Ability: Vessel of Ruin Level: 50 Tera Type: Water - Stomping Tantrum - Heavy Slam - Rock Slide - Snarl Amoonguss @ Wiki Berry Ability: Regenerator Level: 50 Tera Type: Water - Pollen Puff - Rage Powder - Spore - Giga Drain Arcanine @ Sitrus Berry Ability: Intimidate Level: 50 Tera Type: Grass - Flare Blitz - Extreme Speed - Howl - Will-O-Wisp <\/details><\/div> Open Team Sheet for villywonka<\/summary>Fish (Chi-Yu) @ Life Orb Ability: Beads of Ruin Level: 50 Tera Type: Grass - Heat Wave - Dark Pulse - Tera Blast - Protect Flutter Mane @ Booster Energy Ability: Protosynthesis Level: 50 Tera Type: Fairy - Moonblast - Shadow Ball - Thunderbolt - Protect Gyarados @ Sitrus Berry Ability: Intimidate Level: 50 Tera Type: Flying - Waterfall - Thunder Wave - Taunt - Protect Kingambit @ Assault Vest Ability: Defiant Level: 50 Tera Type: Dark - Kowtow Cleave - Iron Head - Sucker Punch - Low Kick Amoonguss @ Rocky Helmet Ability: Regenerator Level: 50 Tera Type: Grass - Spore - Rage Powder - Pollen Puff - Worry Seed Volcarona @ Leftovers Ability: Flame Body Level: 50 Tera Type: Rock - Quiver Dance - Heat Wave - Giga Drain - Protect <\/details><\/div>\n|j|%Bright Size\n|l|%Bright Size\n|j| venusi\n|l| venusi\n|\n|t:|1681744058\n|start\n|switch|p1a: Maushold|Maushold, L50|100\/100\n|switch|p1b: Annihilape|Annihilape, L50, F|100\/100\n|switch|p2a: Fish|Chi-Yu, L50|100\/100\n|switch|p2b: Gyarados|Gyarados, L50, M|100\/100\n|-ability|p2a: Fish|Beads of Ruin\n|-ability|p2b: Gyarados|Intimidate|boost\n|-unboost|p1a: Maushold|atk|1\n|-unboost|p1b: Annihilape|atk|1\n|turn|1\n|\n|t:|1681744085\n|move|p1a: Maushold|Protect|p1a: Maushold\n|-singleturn|p1a: Maushold|Protect\n|move|p2a: Fish|Heat Wave|p1a: Maushold|[spread] p1b\n|-activate|p1a: Maushold|move: Protect\n|-damage|p1b: Annihilape|59\/100\n|-damage|p2a: Fish|90\/100|[from] item: Life Orb\n|move|p1b: Annihilape|Bulk Up|p1b: Annihilape\n|-boost|p1b: Annihilape|atk|1\n|-boost|p1b: Annihilape|def|1\n|move|p2b: Gyarados|Taunt|p1b: Annihilape\n|-start|p1b: Annihilape|move: Taunt\n|\n|-heal|p1b: Annihilape|65\/100|[from] item: Leftovers\n|upkeep\n|turn|2\n|\n|t:|1681744119\n|move|p2a: Fish|Heat Wave|p1b: Annihilape|[spread] p1a,p1b\n|-damage|p1a: Maushold|38\/100\n|-damage|p1b: Annihilape|21\/100\n|-damage|p2a: Fish|80\/100|[from] item: Life Orb\n|move|p1a: Maushold|Beat Up|p1b: Annihilape\n|-damage|p1b: Annihilape|20\/100\n|-damage|p1b: Annihilape|20\/100\n|-damage|p1b: Annihilape|18\/100\n|-damage|p1b: Annihilape|17\/100\n|-hitcount|p1b: Annihilape|4\n|move|p1b: Annihilape|Rage Fist|p2b: Gyarados\n|-damage|p2b: Gyarados|0 fnt\n|faint|p2b: Gyarados\n|\n|-heal|p1b: Annihilape|23\/100|[from] item: Leftovers\n|upkeep\n|\n|t:|1681744141\n|switch|p2b: Kingambit|Kingambit, L50, F|100\/100\n|turn|3\n|\n|t:|1681744159\n|switch|p1b: Roaring Moon|Roaring Moon, L50|100\/100\n|-enditem|p1b: Roaring Moon|Booster Energy\n|-activate|p1b: Roaring Moon|ability: Protosynthesis|[fromitem]\n|-start|p1b: Roaring Moon|protosynthesisspe\n|move|p1a: Maushold|Protect|p1a: Maushold\n|-singleturn|p1a: Maushold|Protect\n|move|p2b: Kingambit|Sucker Punch||[still]\n|-fail|p2b: Kingambit\n|move|p2a: Fish|Heat Wave|p1a: Maushold|[spread] p1b\n|-activate|p1a: Maushold|move: Protect\n|-resisted|p1b: Roaring Moon\n|-damage|p1b: Roaring Moon|77\/100\n|-damage|p2a: Fish|70\/100|[from] item: Life Orb\n|\n|upkeep\n|turn|4\n|j| babiwi bewey\u2714\ufe0f\n|\n|t:|1681744191\n|-terastallize|p1b: Roaring Moon|Flying\n|move|p1b: Roaring Moon|Acrobatics|p2a: Fish\n|-damage|p2a: Fish|0 fnt\n|faint|p2a: Fish\n|move|p1a: Maushold|Super Fang|p2b: Kingambit\n|-damage|p2b: Kingambit|50\/100\n|move|p2b: Kingambit|Low Kick|p1b: Roaring Moon\n|-resisted|p1b: Roaring Moon\n|-damage|p1b: Roaring Moon|59\/100\n|\n|upkeep\n|\n|t:|1681744197\n|switch|p2a: Flutter Mane|Flutter Mane, L50|100\/100\n|-enditem|p2a: Flutter Mane|Booster Energy\n|-activate|p2a: Flutter Mane|ability: Protosynthesis|[fromitem]\n|-start|p2a: Flutter Mane|protosynthesisspe\n|turn|5\n|\n|t:|1681744228\n|move|p1a: Maushold|Follow Me|p1a: Maushold\n|-singleturn|p1a: Maushold|move: Follow Me\n|move|p2a: Flutter Mane|Thunderbolt|p1a: Maushold\n|-damage|p1a: Maushold|8\/100\n|move|p1b: Roaring Moon|Tailwind|p1b: Roaring Moon\n|-sidestart|p1: Raceto1700s|move: Tailwind\n|move|p2b: Kingambit|Kowtow Cleave|p1a: Maushold\n|-damage|p1a: Maushold|0 fnt\n|faint|p1a: Maushold\n|\n|upkeep\n|\n|t:|1681744240\n|switch|p1a: Annihilape|Annihilape, L50, F|23\/100\n|turn|6\n|\n|t:|1681744254\n|move|p2a: Flutter Mane|Protect|p2a: Flutter Mane\n|-singleturn|p2a: Flutter Mane|Protect\n|move|p2b: Kingambit|Sucker Punch||[still]\n|-fail|p2b: Kingambit\n|move|p1b: Roaring Moon|Acrobatics|p2a: Flutter Mane\n|-activate|p2a: Flutter Mane|move: Protect\n|move|p1a: Annihilape|Bulk Up|p1a: Annihilape\n|-boost|p1a: Annihilape|atk|1\n|-boost|p1a: Annihilape|def|1\n|\n|-heal|p1a: Annihilape|30\/100|[from] item: Leftovers\n|upkeep\n|turn|7\n|\n|t:|1681744265\n|move|p1b: Roaring Moon|Acrobatics|p2a: Flutter Mane\n|-damage|p2a: Flutter Mane|0 fnt\n|faint|p2a: Flutter Mane\n|-end|p2a: Flutter Mane|Protosynthesis|[silent]\n|move|p1a: Annihilape|Drain Punch|p2b: Kingambit\n|-supereffective|p2b: Kingambit\n|-damage|p2b: Kingambit|0 fnt\n|-heal|p1a: Annihilape|53\/100|[from] drain|[of] p2b: Kingambit\n|faint|p2b: Kingambit\n|\n|win|Raceto1700s\n|n|\u2606Raceto1700s|raceto1700s\n|n|\u2606villywonka|villywonka\n|n| babiwi bewey\u2714\ufe0f|babiwibewey\n|l|\u2606villywonka\n|l| babiwi bewey\u2714\ufe0f\n","uploadtime":1681746556,"views":11,"p1id":"raceto1700s","p2id":"villywonka","formatid":"gen9vgc2023regulationc","rating":0,"private":0,"password":""}