{"id":"gen9vgc2023regulationc-1859702235","p1":"CbuttyVGC","p2":"KSunfr","format":"[Gen 9] VGC 2023 Regulation C","log":"|j|\u2606CbuttyVGC\n|j|\u2606KSunfr\n|t:|1683557405\n|gametype|doubles\n|player|p1|CbuttyVGC|acetrainer-gen4dp|1288\n|player|p2|KSunfr|2|1357\n|teamsize|p1|6\n|teamsize|p2|6\n|gen|9\n|tier|[Gen 9] VGC 2023 Regulation C\n|rated|\n|rule|Species Clause: Limit one of each Pok\u00e9mon\n|rule|Item Clause: Limit one of each item\n|clearpoke\n|poke|p1|Tyranitar, L50, F|\n|poke|p1|Houndstone, L50, F|\n|poke|p1|Chien-Pao, L50|\n|poke|p1|Flutter Mane, L50|\n|poke|p1|Palafin, L50, M|\n|poke|p1|Volcarona, L50, F|\n|poke|p2|Farigiraf, L50, M|\n|poke|p2|Chi-Yu, L50|\n|poke|p2|Stonjourner, L50, F|\n|poke|p2|Scizor, L50, F|\n|poke|p2|Flutter Mane, L50|\n|poke|p2|Murkrow, L50, F|\n|teampreview|4\n|inactive|Battle timer is ON: inactive players will automatically lose when time's up. (requested by KSunfr)\n|inactive|CbuttyVGC also wants the timer to be on.\n|inactive|CbuttyVGC has 60 seconds left.\n|\n|t:|1683557453\n|start\n|switch|p1a: Joundstone|Houndstone, L50, F|100\/100\n|switch|p1b: Jhien-Jao|Chien-Pao, L50|100\/100\n|switch|p2a: Scizor|Scizor, L50, F|100\/100\n|switch|p2b: Stonjourner|Stonjourner, L50, F|100\/100\n|-ability|p1b: Jhien-Jao|Sword of Ruin\n|turn|1\n|\n|t:|1683557473\n|move|p1b: Jhien-Jao|Protect|p1b: Jhien-Jao\n|-singleturn|p1b: Jhien-Jao|Protect\n|move|p2a: Scizor|Feint|p1b: Jhien-Jao\n|-activate|p1b: Jhien-Jao|move: Feint\n|-damage|p1b: Jhien-Jao|69\/100\n|move|p1a: Joundstone|Howl|p1a: Joundstone|[spread] p1a,p1b\n|-boost|p1a: Joundstone|atk|1\n|-boost|p1b: Jhien-Jao|atk|1\n|move|p2b: Stonjourner|Rock Slide|p1a: Joundstone|[spread] p1a,p1b\n|-supereffective|p1b: Jhien-Jao\n|-damage|p1a: Joundstone|58\/100\n|-damage|p1b: Jhien-Jao|0 fnt\n|faint|p1b: Jhien-Jao\n|\n|upkeep\n|c|\u2606CbuttyVGC|SIR???\n|\n|t:|1683557489\n|switch|p1b: Jyranitar|Tyranitar, L50, F|100\/100\n|-weather|Sandstorm|[from] ability: Sand Stream|[of] p1b: Jyranitar\n|turn|2\n|\n|t:|1683557498\n|switch|p2b: Farigiraf|Farigiraf, L50, M|100\/100\n|-terastallize|p1b: Jyranitar|Grass\n|move|p2a: Scizor|Bullet Punch|p1b: Jyranitar\n|-damage|p1b: Jyranitar|71\/100\n|move|p1a: Joundstone|Will-O-Wisp|p2a: Scizor\n|-status|p2a: Scizor|brn\n|-enditem|p2a: Scizor|Lum Berry|[eat]\n|-curestatus|p2a: Scizor|brn|[msg]\n|move|p1b: Jyranitar|Low Kick|p2b: Farigiraf\n|-damage|p2b: Farigiraf|69\/100\n|-damage|p1b: Jyranitar|55\/100|[from] item: Rocky Helmet|[of] p2b: Farigiraf\n|\n|-weather|Sandstorm|[upkeep]\n|-damage|p1b: Jyranitar|49\/100|[from] Sandstorm\n|-damage|p2b: Farigiraf|63\/100|[from] Sandstorm\n|upkeep\n|turn|3\n|inactive|KSunfr has 30 seconds left.\n|inactive|KSunfr has 20 seconds left.\n|inactive|KSunfr has 15 seconds left.\n|\n|t:|1683557539\n|move|p1a: Joundstone|Will-O-Wisp|p2a: Scizor\n|-status|p2a: Scizor|brn\n|move|p1b: Jyranitar|Assurance|p2b: Farigiraf\n|-supereffective|p2b: Farigiraf\n|-damage|p2b: Farigiraf|4\/100\n|-damage|p1b: Jyranitar|32\/100|[from] item: Rocky Helmet|[of] p2b: Farigiraf\n|move|p2b: Farigiraf|Psychic|p1a: Joundstone\n|-damage|p1a: Joundstone|22\/100\n|-enditem|p1a: Joundstone|Sitrus Berry|[eat]\n|-heal|p1a: Joundstone|47\/100|[from] item: Sitrus Berry\n|move|p2a: Scizor|Pounce|p1b: Jyranitar\n|-supereffective|p1b: Jyranitar\n|-damage|p1b: Jyranitar|0 fnt\n|faint|p1b: Jyranitar\n|\n|-weather|Sandstorm|[upkeep]\n|-damage|p2b: Farigiraf|0 fnt|[from] Sandstorm\n|faint|p2b: Farigiraf\n|-damage|p2a: Scizor|94\/100 brn|[from] brn\n|upkeep\n|inactive|KSunfr has 30 seconds left.\n|\n|t:|1683557574\n|switch|p1b: Jlutter Jane|Flutter Mane, L50|100\/100\n|switch|p2b: Chi-Yu|Chi-Yu, L50|100\/100\n|-ability|p2b: Chi-Yu|Beads of Ruin\n|turn|4\n|c|\u2606KSunfr|oh i got tired of chien paos protecting\n|\n|t:|1683557592\n|move|p2a: Scizor|Bullet Punch|p1b: Jlutter Jane\n|-supereffective|p1b: Jlutter Jane\n|-damage|p1b: Jlutter Jane|38\/100\n|move|p1a: Joundstone|Last Respects|p2a: Scizor\n|-damage|p2a: Scizor|8\/100 brn\n|move|p1b: Jlutter Jane|Moonblast|p2b: Chi-Yu\n|-damage|p2b: Chi-Yu|54\/100\n|move|p2b: Chi-Yu|Dark Pulse|p1a: Joundstone\n|-supereffective|p1a: Joundstone\n|-damage|p1a: Joundstone|0 fnt\n|faint|p1a: Joundstone\n|\n|-weather|Sandstorm|[upkeep]\n|-damage|p1b: Jlutter Jane|31\/100|[from] Sandstorm\n|-damage|p2b: Chi-Yu|48\/100|[from] Sandstorm\n|-damage|p2a: Scizor|2\/100 brn|[from] brn\n|upkeep\n|turn|5\n|\n|t:|1683557609\n|move|p2a: Scizor|Bullet Punch|p1b: Jlutter Jane\n|-supereffective|p1b: Jlutter Jane\n|-damage|p1b: Jlutter Jane|0 fnt\n|faint|p1b: Jlutter Jane\n|-end|p1b: Jlutter Jane|Protosynthesis|[silent]\n|\n|win|KSunfr\n|raw|CbuttyVGC's rating: 1288 → 1268<\/strong> (-20 for losing)\n|raw|KSunfr's rating: 1357 → 1373<\/strong> (+16 for winning)\n","uploadtime":1683557617,"views":6,"p1id":"cbuttyvgc","p2id":"ksunfr","formatid":"gen9vgc2023regulationc","rating":1268,"private":0,"password":""}