{"id":"gen9vgc2023regulationc-1847282576","p1":"Luckk1011 VGC","p2":"Adsheesh","format":"[Gen 9] VGC 2023 Regulation C","log":"|j|\u2606Luckk1011 VGC\n|j|\u2606Adsheesh\n|t:|1681934461\n|gametype|doubles\n|player|p1|Luckk1011 VGC|ghetsis|1216\n|player|p2|Adsheesh|ingo|1170\n|teamsize|p1|6\n|teamsize|p2|6\n|gen|9\n|tier|[Gen 9] VGC 2023 Regulation C\n|rated|\n|rule|Species Clause: Limit one of each Pok\u00e9mon\n|rule|Item Clause: Limit one of each item\n|clearpoke\n|poke|p1|Flutter Mane, L50|\n|poke|p1|Amoonguss, L50, F|\n|poke|p1|Palafin, L50, M|\n|poke|p1|Arcanine, L50, F|\n|poke|p1|Ting-Lu, L50|\n|poke|p1|Kingambit, L50, M|\n|poke|p2|Annihilape, L50, F|\n|poke|p2|Maushold-Four, L50|\n|poke|p2|Kingambit, L50, M|\n|poke|p2|Chien-Pao, L50|\n|poke|p2|Dragonite, L50, M|\n|poke|p2|Gholdengo, L50|\n|teampreview|4\nAdsheesh rejected open team sheets.\n|\n|t:|1681934479\n|start\n|switch|p1a: Crinealato|Flutter Mane, L50|100\/100\n|switch|p1b: Palafin|Palafin, L50, M, shiny|100\/100\n|switch|p2a: Annihilape|Annihilape, L50, F|100\/100\n|switch|p2b: Maushold|Maushold-Four, L50|100\/100\n|-enditem|p1a: Crinealato|Booster Energy\n|-activate|p1a: Crinealato|ability: Protosynthesis|[fromitem]\n|-start|p1a: Crinealato|protosynthesisspa\n|turn|1\n|inactive|Battle timer is ON: inactive players will automatically lose when time's up. (requested by Luckk1011 VGC)\n|\n|t:|1681934487\n|move|p1b: Palafin|Jet Punch|p2b: Maushold\n|-damage|p2b: Maushold|67\/100\n|move|p1a: Crinealato|Moonblast|p2b: Maushold\n|-damage|p2b: Maushold|0 fnt\n|faint|p2b: Maushold\n|move|p2a: Annihilape|Rage Fist|p1a: Crinealato\n|-supereffective|p1a: Crinealato\n|-damage|p1a: Crinealato|42\/100\n|\n|upkeep\n|\n|t:|1681934497\n|switch|p2b: Chien-Pao|Chien-Pao, L50|100\/100\n|-ability|p2b: Chien-Pao|Sword of Ruin\n|turn|2\n|\n|t:|1681934514\n|detailschange|p1b: Palafin|Palafin-Hero, L50, M, shiny\n|switch|p1b: Ting-Lu|Ting-Lu, L50|100\/100\n|-ability|p1b: Ting-Lu|Vessel of Ruin\n|move|p2b: Chien-Pao|Protect|p2b: Chien-Pao\n|-singleturn|p2b: Chien-Pao|Protect\n|move|p1a: Crinealato|Protect|p1a: Crinealato\n|-singleturn|p1a: Crinealato|Protect\n|move|p2a: Annihilape|Rage Fist|p1a: Crinealato\n|-activate|p1a: Crinealato|move: Protect\n|\n|upkeep\n|turn|3\n|j| PikaPikaBallz\n|\n|t:|1681934531\n|-end|p1a: Crinealato|Protosynthesis|[silent]\n|switch|p1a: Amoonguss|Amoonguss, L50, F, shiny|100\/100\n|-terastallize|p1b: Ting-Lu|Water\n|move|p2b: Chien-Pao|Ice Spinner|p1b: Ting-Lu\n|-resisted|p1b: Ting-Lu\n|-crit|p1b: Ting-Lu\n|-damage|p1b: Ting-Lu|79\/100\n|move|p2a: Annihilape|Rage Fist|p1a: Amoonguss\n|-damage|p1a: Amoonguss|74\/100\n|move|p1b: Ting-Lu|Rock Tomb|p2b: Chien-Pao\n|-supereffective|p2b: Chien-Pao\n|-damage|p2b: Chien-Pao|50\/100\n|-unboost|p2b: Chien-Pao|spe|1\n|\n|upkeep\n|turn|4\n|\n|t:|1681934550\n|move|p1a: Amoonguss|Protect|p1a: Amoonguss\n|-singleturn|p1a: Amoonguss|Protect\n|move|p2b: Chien-Pao|Ice Spinner|p1a: Amoonguss\n|-activate|p1a: Amoonguss|move: Protect\n|move|p2a: Annihilape|Rage Fist|p1b: Ting-Lu\n|-damage|p1b: Ting-Lu|60\/100\n|move|p1b: Ting-Lu|Heavy Slam|p2b: Chien-Pao\n|-supereffective|p2b: Chien-Pao\n|-damage|p2b: Chien-Pao|0 fnt\n|faint|p2b: Chien-Pao\n|\n|upkeep\n|\n|t:|1681934553\n|switch|p2b: Dragonite|Dragonite, L50, M|100\/100\n|turn|5\n|\n|t:|1681934567\n|move|p2b: Dragonite|Tailwind|p2b: Dragonite\n|-sidestart|p2: Adsheesh|move: Tailwind\n|move|p2a: Annihilape|Bulk Up|p2a: Annihilape\n|-boost|p2a: Annihilape|atk|1\n|-boost|p2a: Annihilape|def|1\n|move|p1b: Ting-Lu|Ruination|p2a: Annihilape\n|-damage|p2a: Annihilape|50\/100\n|-enditem|p2a: Annihilape|Sitrus Berry|[eat]\n|-heal|p2a: Annihilape|75\/100|[from] item: Sitrus Berry\n|move|p1a: Amoonguss|Spore|p2a: Annihilape\n|-status|p2a: Annihilape|slp|[from] move: Spore\n|\n|upkeep\n|turn|6\n|\n|t:|1681934588\n|-terastallize|p2b: Dragonite|Flying\n|move|p2b: Dragonite|Tera Blast|p1a: Amoonguss\n|-supereffective|p1a: Amoonguss\n|-damage|p1a: Amoonguss|0 fnt\n|faint|p1a: Amoonguss\n|cant|p2a: Annihilape|slp\n|move|p1b: Ting-Lu|Rock Tomb|p2b: Dragonite\n|-supereffective|p2b: Dragonite\n|-damage|p2b: Dragonite|82\/100\n|-unboost|p2b: Dragonite|spe|1\n|\n|upkeep\n|\n|t:|1681934602\n|switch|p1a: Palafin|Palafin-Hero, L50, M, shiny|100\/100\n|-activate|p1a: Palafin|ability: Zero to Hero\n|turn|7\n|\n|t:|1681934613\n|-curestatus|p2a: Annihilape|slp|[msg]\n|move|p2a: Annihilape|Rage Fist|p1a: Palafin\n|-damage|p1a: Palafin|40\/100\n|move|p2b: Dragonite|Dragon Claw|p1a: Palafin\n|-damage|p1a: Palafin|0 fnt\n|faint|p1a: Palafin\n|move|p1b: Ting-Lu|Rock Tomb|p2b: Dragonite\n|-supereffective|p2b: Dragonite\n|-damage|p2b: Dragonite|45\/100\n|-unboost|p2b: Dragonite|spe|1\n|\n|upkeep\n|\n|t:|1681934624\n|switch|p1a: Crinealato|Flutter Mane, L50|42\/100\n|turn|8\n|\n|t:|1681934642\n|move|p1a: Crinealato|Protect|p1a: Crinealato\n|-singleturn|p1a: Crinealato|Protect\n|move|p2a: Annihilape|Rage Fist|p1a: Crinealato\n|-activate|p1a: Crinealato|move: Protect\n|move|p2b: Dragonite|Dragon Claw|p1b: Ting-Lu\n|-damage|p1b: Ting-Lu|31\/100\n|move|p1b: Ting-Lu|Ruination|p2b: Dragonite\n|-damage|p2b: Dragonite|23\/100\n|\n|-sideend|p2: Adsheesh|move: Tailwind\n|upkeep\n|turn|9\n|\n|t:|1681934655\n|move|p1a: Crinealato|Moonblast|p2a: Annihilape\n|-supereffective|p2a: Annihilape\n|-damage|p2a: Annihilape|21\/100\n|move|p2a: Annihilape|Rage Fist|p1a: Crinealato\n|-supereffective|p1a: Crinealato\n|-damage|p1a: Crinealato|0 fnt\n|faint|p1a: Crinealato\n|-end|p1a: Crinealato|Protosynthesis|[silent]\n|move|p1b: Ting-Lu|Rock Tomb|p2b: Dragonite\n|-supereffective|p2b: Dragonite\n|-damage|p2b: Dragonite|0 fnt\n|faint|p2b: Dragonite\n|\n|upkeep\n|turn|10\n|\n|t:|1681934679\n|move|p2a: Annihilape|Rage Fist|p1b: Ting-Lu\n|-damage|p1b: Ting-Lu|0 fnt\n|faint|p1b: Ting-Lu\n|\n|win|Adsheesh\n|raw|Luckk1011 VGC's rating: 1216 → 1188<\/strong> (-28 for losing)\n|raw|Adsheesh's rating: 1170 → 1198<\/strong> (+28 for winning)\n|c|\u2606Luckk1011 VGC|Gg\n|c|\u2606Adsheesh|gg\n|c| PikaPikaBallz|gg\n","uploadtime":1681934727,"views":12,"p1id":"luckk1011vgc","p2id":"adsheesh","formatid":"gen9vgc2023regulationc","rating":1188,"private":0,"password":""}