{"id":"gen9vgc2023regulationc-1863479712","p1":"PittsburghEmpoleon","p2":"MoboyPlaysPokemon","format":"[Gen 9] VGC 2023 Regulation C","log":"|j|\u2606PittsburghEmpoleon\n|j|\u2606MoboyPlaysPokemon\n|t:|1684022963\n|gametype|doubles\n|player|p1|PittsburghEmpoleon|steven|\n|player|p2|MoboyPlaysPokemon|266|\n|teamsize|p1|6\n|teamsize|p2|6\n|gen|9\n|tier|[Gen 9] VGC 2023 Regulation C\n|rule|Species Clause: Limit one of each Pok\u00e9mon\n|rule|Item Clause: Limit one of each item\n|clearpoke\n|poke|p1|Dondozo, L50, M|\n|poke|p1|Chien-Pao, L50|\n|poke|p1|Dragonite, L50, M|\n|poke|p1|Mimikyu, L50, M|\n|poke|p1|Glimmora, L50, F|\n|poke|p1|Tatsugiri, L50, F|\n|poke|p2|Ceruledge, L50, F|\n|poke|p2|Toxapex, L50, F|\n|poke|p2|Iron Thorns, L50|\n|poke|p2|Indeedee-F, L50, F|\n|poke|p2|Kingambit, L50, M|\n|poke|p2|Meowscarada, L50, F|\n|teampreview|4\n|\n|t:|1684023004\n|start\n|switch|p1a: Chien-Pao|Chien-Pao, L50|100\/100\n|switch|p1b: Dragonite|Dragonite, L50, M|100\/100\n|switch|p2a: Muffin Baker|Indeedee-F, L50, F|100\/100\n|switch|p2b: Fallacious Feline|Meowscarada, L50, F|100\/100\n|-ability|p1a: Chien-Pao|Sword of Ruin\n|-fieldstart|move: Psychic Terrain|[from] ability: Psychic Surge|[of] p2a: Muffin Baker\n|-enditem|p2a: Muffin Baker|Psychic Seed\n|-boost|p2a: Muffin Baker|spd|1|[from] item: Psychic Seed\n|turn|1\n|\n|t:|1684023026\n|move|p2a: Muffin Baker|Follow Me|p2a: Muffin Baker\n|-singleturn|p2a: Muffin Baker|move: Follow Me\n|move|p1a: Chien-Pao|Ice Spinner|p2a: Muffin Baker\n|-damage|p2a: Muffin Baker|24\/100\n|-fieldend|move: Psychic Terrain\n|move|p1b: Dragonite|Outrage|p2a: Muffin Baker\n|-damage|p2a: Muffin Baker|0 fnt\n|faint|p2a: Muffin Baker\n|move|p2b: Fallacious Feline|Trick Room|p2b: Fallacious Feline\n|-fieldstart|move: Trick Room|[of] p2b: Fallacious Feline\n|\n|upkeep\n|\n|t:|1684023040\n|switch|p2a: Darth Voke|Ceruledge, L50, F|100\/100\n|turn|2\n|\n|t:|1684023054\n|-terastallize|p2a: Darth Voke|Psychic\n|move|p1a: Chien-Pao|Protect|p1a: Chien-Pao\n|-singleturn|p1a: Chien-Pao|Protect\n|move|p2a: Darth Voke|Bitter Blade|p1a: Chien-Pao\n|-activate|p1a: Chien-Pao|move: Protect\n|move|p1b: Dragonite|Outrage|p2b: Fallacious Feline|[from]lockedmove\n|-enditem|p2b: Fallacious Feline|Focus Sash\n|-damage|p2b: Fallacious Feline|1\/100\n|move|p2b: Fallacious Feline|Play Rough|p1b: Dragonite\n|-supereffective|p1b: Dragonite\n|-damage|p1b: Dragonite|70\/100\n|\n|upkeep\n|turn|3\n|\n|t:|1684023084\n|switch|p1a: Glimmora|Glimmora, L50, F|100\/100\n|move|p2a: Darth Voke|Bitter Blade|p1a: Glimmora\n|-resisted|p1a: Glimmora\n|-crit|p1a: Glimmora\n|-damage|p1a: Glimmora|62\/100\n|-activate|p1a: Glimmora|ability: Toxic Debris\n|-sidestart|p2: MoboyPlaysPokemon|move: Toxic Spikes\n|move|p1b: Dragonite|Outrage|p2a: Darth Voke|[from]lockedmove\n|-damage|p2a: Darth Voke|0 fnt\n|faint|p2a: Darth Voke\n|-start|p1b: Dragonite|confusion|[fatigue]\n|move|p2b: Fallacious Feline|Play Rough|p1b: Dragonite\n|-supereffective|p1b: Dragonite\n|-damage|p1b: Dragonite|27\/100\n|\n|upkeep\n|\n|t:|1684023099\n|switch|p2a: Jade Colossus|Iron Thorns, L50|100\/100\n|-status|p2a: Jade Colossus|psn\n|turn|4\n|\n|t:|1684023113\n|switch|p1b: Mimikyu|Mimikyu, L50, M|100\/100\n|move|p2a: Jade Colossus|Protect|p2a: Jade Colossus\n|-singleturn|p2a: Jade Colossus|Protect\n|move|p1a: Glimmora|Earth Power|p2a: Jade Colossus\n|-activate|p2a: Jade Colossus|move: Protect\n|move|p2b: Fallacious Feline|Play Rough|p1a: Glimmora\n|-resisted|p1a: Glimmora\n|-damage|p1a: Glimmora|49\/100\n|-activate|p1a: Glimmora|ability: Toxic Debris\n|-sidestart|p2: MoboyPlaysPokemon|move: Toxic Spikes\n|\n|-damage|p2a: Jade Colossus|88\/100 psn|[from] psn\n|upkeep\n|turn|5\n|\n|t:|1684023136\n|move|p1b: Mimikyu|Shadow Sneak|p2b: Fallacious Feline\n|-resisted|p2b: Fallacious Feline\n|-damage|p2b: Fallacious Feline|0 fnt\n|faint|p2b: Fallacious Feline\n|-damage|p1b: Mimikyu|91\/100|[from] item: Life Orb\n|move|p2a: Jade Colossus|Rock Blast|p1b: Mimikyu\n|-activate|p1b: Mimikyu|ability: Disguise\n|-damage|p1b: Mimikyu|91\/100\n|detailschange|p1b: Mimikyu|Mimikyu-Busted, L50, M\n|-damage|p1b: Mimikyu|78\/100|[from] pokemon: Mimikyu-Busted\n|-damage|p1b: Mimikyu|51\/100\n|-damage|p1b: Mimikyu|25\/100\n|-damage|p1b: Mimikyu|0 fnt\n|faint|p1b: Mimikyu\n|-hitcount|p1: Mimikyu|4\n|move|p1a: Glimmora|Earth Power|p2a: Jade Colossus\n|-supereffective|p2a: Jade Colossus\n|-damage|p2a: Jade Colossus|0 fnt\n|faint|p2a: Jade Colossus\n|-end|p2a: Jade Colossus|Quark Drive|[silent]\n|\n|win|PittsburghEmpoleon\n|c|\u2606MoboyPlaysPokemon|gg\n|c|\u2606PittsburghEmpoleon|gg\n","uploadtime":1684023156,"views":14,"p1id":"pittsburghempoleon","p2id":"moboyplayspokemon","formatid":"gen9vgc2023regulationc","rating":0,"private":0,"password":""}