{"id":"gen9vgc2023regulationc-1863956881","p1":"Jard13255","p2":"Pokex265","format":"[Gen 9] VGC 2023 Regulation C","log":"|j|\u2606Jard13255\n|j|\u2606Pokex265\n|t:|1684097819\n|gametype|doubles\n|player|p1|Jard13255|psychic-gen4|1167\n|player|p2|Pokex265|riley|1044\n|teamsize|p1|6\n|teamsize|p2|6\n|gen|9\n|tier|[Gen 9] VGC 2023 Regulation C\n|rated|\n|rule|Species Clause: Limit one of each Pok\u00e9mon\n|rule|Item Clause: Limit one of each item\n|clearpoke\n|poke|p1|Iron Bundle, L50|\n|poke|p1|Chi-Yu, L50|\n|poke|p1|Dragonite, L50, M|\n|poke|p1|Chien-Pao, L50|\n|poke|p1|Ting-Lu, L50|\n|poke|p1|Orthworm, L50, F|\n|poke|p2|Tyranitar, L50, M|\n|poke|p2|Gardevoir, L50, F|\n|poke|p2|Garganacl, L50, M|\n|poke|p2|Garchomp, L50, F|\n|poke|p2|Gastrodon, L50, M|\n|poke|p2|Gholdengo, L50|\n|teampreview|4\nJard13255 has agreed to open team sheets.\n|inactive|Battle timer is ON: inactive players will automatically lose when time's up. (requested by Pokex265)\n|\n|t:|1684097896\n|start\n|switch|p1a: Ting-Lu|Ting-Lu, L50|100\/100\n|switch|p1b: Chien-Pao|Chien-Pao, L50|100\/100\n|switch|p2a: Garganacl|Garganacl, L50, M|100\/100\n|switch|p2b: Gastrodon|Gastrodon, L50, M|100\/100\n|-ability|p1b: Chien-Pao|Sword of Ruin\n|-ability|p1a: Ting-Lu|Vessel of Ruin\n|turn|1\n|\n|t:|1684097916\n|move|p1b: Chien-Pao|Protect|p1b: Chien-Pao\n|-singleturn|p1b: Chien-Pao|Protect\n|move|p2b: Gastrodon|Protect|p2b: Gastrodon\n|-singleturn|p2b: Gastrodon|Protect\n|move|p1a: Ting-Lu|Stomping Tantrum|p2a: Garganacl\n|-supereffective|p2a: Garganacl\n|-damage|p2a: Garganacl|14\/100\n|move|p2a: Garganacl|Salt Cure|p1b: Chien-Pao\n|-activate|p1b: Chien-Pao|move: Protect\n|\n|-heal|p2a: Garganacl|19\/100|[from] item: Leftovers\n|upkeep\n|turn|2\n|\n|t:|1684097939\n|move|p2a: Garganacl|Protect|p2a: Garganacl\n|-singleturn|p2a: Garganacl|Protect\n|move|p1b: Chien-Pao|Ice Spinner|p2a: Garganacl\n|-activate|p2a: Garganacl|move: Protect\n|move|p1a: Ting-Lu|Stomping Tantrum|p2b: Gastrodon\n|-damage|p2b: Gastrodon|3\/100\n|move|p2b: Gastrodon|Earth Power|p1b: Chien-Pao\n|-damage|p1b: Chien-Pao|57\/100\n|\n|-heal|p2a: Garganacl|25\/100|[from] item: Leftovers\n|upkeep\n|turn|3\n|\n|t:|1684097961\n|move|p1b: Chien-Pao|Ice Spinner|p2a: Garganacl\n|-damage|p2a: Garganacl|0 fnt\n|faint|p2a: Garganacl\n|move|p1a: Ting-Lu|Stomping Tantrum|p2b: Gastrodon\n|-damage|p2b: Gastrodon|0 fnt\n|faint|p2b: Gastrodon\n|\n|upkeep\n|\n|t:|1684097968\n|switch|p2b: Gardevoir|Gardevoir, L50, F, shiny|100\/100\n|switch|p2a: Tyranitar|Tyranitar, L50, M|100\/100\n|-weather|Sandstorm|[from] ability: Sand Stream|[of] p2a: Tyranitar\n|turn|4\n|c|\u2606Pokex265|gg\n|\n|t:|1684097986\n|-terastallize|p2a: Tyranitar|Rock\n|move|p1b: Chien-Pao|Protect|p1b: Chien-Pao\n|-singleturn|p1b: Chien-Pao|Protect\n|move|p2b: Gardevoir|Protect|p2b: Gardevoir\n|-singleturn|p2b: Gardevoir|Protect\n|move|p2a: Tyranitar|Dragon Dance|p2a: Tyranitar\n|-boost|p2a: Tyranitar|atk|1\n|-boost|p2a: Tyranitar|spe|1\n|move|p1a: Ting-Lu|Stomping Tantrum|p2b: Gardevoir\n|-activate|p2b: Gardevoir|move: Protect\n|\n|-weather|Sandstorm|[upkeep]\n|-damage|p1b: Chien-Pao|51\/100|[from] Sandstorm\n|upkeep\n|turn|5\n|\n|t:|1684098007\n|move|p1b: Chien-Pao|Sacred Sword|p2a: Tyranitar\n|-supereffective|p2a: Tyranitar\n|-damage|p2a: Tyranitar|36\/100\n|-enditem|p2a: Tyranitar|Weakness Policy\n|-boost|p2a: Tyranitar|atk|2|[from] item: Weakness Policy\n|-boost|p2a: Tyranitar|spa|2|[from] item: Weakness Policy\n|move|p2a: Tyranitar|Dragon Dance|p2a: Tyranitar\n|-boost|p2a: Tyranitar|atk|1\n|-boost|p2a: Tyranitar|spe|1\n|move|p2b: Gardevoir|Dazzling Gleam|p1b: Chien-Pao|[spread] p1a,p1b\n|-supereffective|p1a: Ting-Lu\n|-supereffective|p1b: Chien-Pao\n|-damage|p1a: Ting-Lu|73\/100\n|-damage|p1b: Chien-Pao|0 fnt\n|faint|p1b: Chien-Pao\n|move|p1a: Ting-Lu|Stomping Tantrum|p2a: Tyranitar\n|-supereffective|p2a: Tyranitar\n|-damage|p2a: Tyranitar|0 fnt\n|faint|p2a: Tyranitar\n|\n|-weather|Sandstorm|[upkeep]\n|upkeep\n|\n|t:|1684098025\n|switch|p1b: Dragonite|Dragonite, L50, M|100\/100\n|turn|6\n|-message|Pokex265 forfeited.\n|\n|win|Jard13255\n|raw|Jard13255's rating: 1167 → 1184<\/strong> (+17 for winning)\n|raw|Pokex265's rating: 1044 → 1033<\/strong> (-11 for losing)\n|l|\u2606Pokex265\n","uploadtime":1684098646,"views":11,"p1id":"jard13255","p2id":"pokex265","formatid":"gen9vgc2023regulationc","rating":1033,"private":0,"password":""}