{"id":"gen9vgc2023regulationc-1849355163","p1":"noritama1555","p2":"Laithani","format":"[Gen 9] VGC 2023 Regulation C","log":"|j|\u2606noritama1555\n|j|\u2606Laithani\n|t:|1682189290\n|gametype|doubles\n|player|p1|noritama1555|265|1127\n|player|p2|Laithani|265|1036\n|teamsize|p1|6\n|teamsize|p2|6\n|gen|9\n|tier|[Gen 9] VGC 2023 Regulation C\n|rated|\n|rule|Species Clause: Limit one of each Pok\u00e9mon\n|rule|Item Clause: Limit one of each item\n|clearpoke\n|poke|p1|Dragonite, L50, M|\n|poke|p1|Flutter Mane, L50|\n|poke|p1|Wo-Chien, L50|\n|poke|p1|Glimmora, L50, F|\n|poke|p1|Ting-Lu, L50|\n|poke|p1|Gholdengo, L50|\n|poke|p2|Goodra, L50, M|\n|poke|p2|Vaporeon, L50, M|\n|poke|p2|Arcanine, L50, F|\n|poke|p2|Toxapex, L50, M|\n|poke|p2|Tyranitar, L50, F|\n|poke|p2|Lycanroc, L50, F|\n|teampreview|4\n|\n|t:|1682189306\n|start\n|switch|p1a: Wo-Chien|Wo-Chien, L50|100\/100\n|switch|p1b: Glimmora|Glimmora, L50, F|100\/100\n|switch|p2a: Goodra|Goodra, L50, M|100\/100\n|switch|p2b: Vaporeon|Vaporeon, L50, M|100\/100\n|-item|p1b: Glimmora|Air Balloon\n|-ability|p1a: Wo-Chien|Tablets of Ruin\n|turn|1\n|\n|t:|1682189349\n|-terastallize|p2a: Goodra|Water\n|move|p1b: Glimmora|Mortal Spin|p2a: Goodra|[spread] p2a,p2b\n|-damage|p2a: Goodra|97\/100\n|-damage|p2b: Vaporeon|97\/100\n|-status|p2a: Goodra|psn\n|-status|p2b: Vaporeon|psn\n|move|p2a: Goodra|Surf|p1b: Glimmora|[spread] p1a,p1b\n|-heal|p2b: Vaporeon|100\/100 psn|[from] ability: Water Absorb|[of] p2a: Goodra\n|-resisted|p1a: Wo-Chien\n|-supereffective|p1b: Glimmora\n|-damage|p1a: Wo-Chien|89\/100\n|-damage|p1b: Glimmora|47\/100\n|-enditem|p1b: Glimmora|Air Balloon\n|move|p1a: Wo-Chien|Leech Seed|p2b: Vaporeon\n|-start|p2b: Vaporeon|move: Leech Seed\n|move|p2b: Vaporeon|Ice Beam|p1a: Wo-Chien\n|-supereffective|p1a: Wo-Chien\n|-damage|p1a: Wo-Chien|47\/100\n|\n|-heal|p1a: Wo-Chien|54\/100|[from] item: Leftovers\n|-damage|p2b: Vaporeon|88\/100 psn|[from] Leech Seed|[of] p1a: Wo-Chien\n|-heal|p1a: Wo-Chien|68\/100|[silent]\n|-damage|p2a: Goodra|85\/100 psn|[from] psn\n|-damage|p2b: Vaporeon|75\/100 psn|[from] psn\n|upkeep\n|turn|2\n|\n|t:|1682189391\n|switch|p1b: Flutter Mane|Flutter Mane, L50|100\/100\n|-enditem|p1b: Flutter Mane|Booster Energy\n|-activate|p1b: Flutter Mane|ability: Protosynthesis|[fromitem]\n|-start|p1b: Flutter Mane|protosynthesisspa\n|move|p1a: Wo-Chien|Protect|p1a: Wo-Chien\n|-singleturn|p1a: Wo-Chien|Protect\n|move|p2a: Goodra|Surf|p1b: Flutter Mane|[spread] p1b\n|-activate|p1a: Wo-Chien|move: Protect\n|-heal|p2b: Vaporeon|100\/100 psn|[from] ability: Water Absorb|[of] p2a: Goodra\n|-damage|p1b: Flutter Mane|68\/100\n|move|p2b: Vaporeon|Muddy Water|p1a: Wo-Chien|[spread] p1b\n|-activate|p1a: Wo-Chien|move: Protect\n|-damage|p1b: Flutter Mane|36\/100\n|-unboost|p1b: Flutter Mane|accuracy|1\n|\n|-heal|p1a: Wo-Chien|74\/100|[from] item: Leftovers\n|-damage|p2b: Vaporeon|88\/100 psn|[from] Leech Seed|[of] p1a: Wo-Chien\n|-heal|p1a: Wo-Chien|89\/100|[silent]\n|-damage|p2a: Goodra|73\/100 psn|[from] psn\n|-damage|p2b: Vaporeon|75\/100 psn|[from] psn\n|upkeep\n|turn|3\n|\n|t:|1682189430\n|move|p1b: Flutter Mane|Moonblast|p2a: Goodra\n|-damage|p2a: Goodra|25\/100 psn\n|-enditem|p2a: Goodra|Sitrus Berry|[eat]\n|-heal|p2a: Goodra|50\/100 psn|[from] item: Sitrus Berry\n|move|p2a: Goodra|Surf|p1b: Flutter Mane|[spread] p1a,p1b\n|-heal|p2b: Vaporeon|100\/100 psn|[from] ability: Water Absorb|[of] p2a: Goodra\n|-resisted|p1a: Wo-Chien\n|-crit|p1b: Flutter Mane\n|-damage|p1a: Wo-Chien|78\/100\n|-damage|p1b: Flutter Mane|0 fnt\n|faint|p1b: Flutter Mane\n|-end|p1b: Flutter Mane|Protosynthesis|[silent]\n|move|p1a: Wo-Chien|Foul Play|p2a: Goodra\n|-damage|p2a: Goodra|23\/100 psn\n|move|p2b: Vaporeon|Muddy Water|p1a: Wo-Chien\n|-resisted|p1a: Wo-Chien\n|-damage|p1a: Wo-Chien|62\/100\n|-unboost|p1a: Wo-Chien|accuracy|1\n|\n|-heal|p1a: Wo-Chien|69\/100|[from] item: Leftovers\n|-damage|p2b: Vaporeon|88\/100 psn|[from] Leech Seed|[of] p1a: Wo-Chien\n|-heal|p1a: Wo-Chien|83\/100|[silent]\n|-damage|p2a: Goodra|11\/100 psn|[from] psn\n|-damage|p2b: Vaporeon|75\/100 psn|[from] psn\n|upkeep\n|\n|t:|1682189450\n|switch|p1b: Ting-Lu|Ting-Lu, L50|100\/100\n|-ability|p1b: Ting-Lu|Vessel of Ruin\n|turn|4\n|\n|t:|1682189463\n|move|p1a: Wo-Chien|Protect|p1a: Wo-Chien\n|-singleturn|p1a: Wo-Chien|Protect\n|move|p2a: Goodra|Surf|p1b: Ting-Lu|[spread] p1b\n|-activate|p1a: Wo-Chien|move: Protect\n|-heal|p2b: Vaporeon|100\/100 psn|[from] ability: Water Absorb|[of] p2a: Goodra\n|-supereffective|p1b: Ting-Lu\n|-crit|p1b: Ting-Lu\n|-damage|p1b: Ting-Lu|62\/100\n|move|p2b: Vaporeon|Muddy Water|p1a: Wo-Chien|[spread] p1b\n|-activate|p1a: Wo-Chien|move: Protect\n|-supereffective|p1b: Ting-Lu\n|-damage|p1b: Ting-Lu|36\/100\n|move|p1b: Ting-Lu|Earthquake|p2b: Vaporeon|[spread] p2a,p2b\n|-activate|p1a: Wo-Chien|move: Protect\n|-crit|p2a: Goodra\n|-damage|p2a: Goodra|0 fnt\n|-damage|p2b: Vaporeon|74\/100 psn\n|faint|p2a: Goodra\n|\n|-heal|p1a: Wo-Chien|90\/100|[from] item: Leftovers\n|-damage|p2b: Vaporeon|61\/100 psn|[from] Leech Seed|[of] p1a: Wo-Chien\n|-heal|p1a: Wo-Chien|100\/100|[silent]\n|-damage|p2b: Vaporeon|49\/100 psn|[from] psn\n|upkeep\n|\n|t:|1682189488\n|switch|p2a: Arcanine|Arcanine, L50, F|100\/100\n|-ability|p2a: Arcanine|Intimidate|boost\n|-unboost|p1a: Wo-Chien|atk|1\n|-unboost|p1b: Ting-Lu|atk|1\n|turn|5\n|\n|t:|1682189523\n|move|p2a: Arcanine|Flare Blitz|p1b: Ting-Lu\n|-damage|p1b: Ting-Lu|11\/100\n|-damage|p2a: Arcanine|88\/100|[from] Recoil\n|move|p1a: Wo-Chien|Foul Play|p2a: Arcanine|[miss]\n|-miss|p1a: Wo-Chien|p2a: Arcanine\n|move|p2b: Vaporeon|Ice Beam|p1a: Wo-Chien\n|-supereffective|p1a: Wo-Chien\n|-damage|p1a: Wo-Chien|71\/100\n|move|p1b: Ting-Lu|Payback|p2b: Vaporeon\n|-damage|p2b: Vaporeon|25\/100 psn\n|\n|-heal|p1a: Wo-Chien|78\/100|[from] item: Leftovers\n|-damage|p2b: Vaporeon|12\/100 psn|[from] Leech Seed|[of] p1a: Wo-Chien\n|-heal|p1a: Wo-Chien|92\/100|[silent]\n|-damage|p2b: Vaporeon|0 fnt|[from] psn\n|faint|p2b: Vaporeon\n|upkeep\n|\n|t:|1682189540\n|switch|p2b: Toxapex|Toxapex, L50, M|100\/100\n|turn|6\n|\n|t:|1682189560\n|-terastallize|p1a: Wo-Chien|Fairy\n|move|p2a: Arcanine|Flare Blitz|p1b: Ting-Lu\n|-damage|p1b: Ting-Lu|0 fnt\n|faint|p1b: Ting-Lu\n|-damage|p2a: Arcanine|83\/100|[from] Recoil\n|move|p1a: Wo-Chien|Leech Seed|p2b: Toxapex|[miss]\n|-miss|p1a: Wo-Chien|p2b: Toxapex\n|move|p2b: Toxapex|Toxic|p1a: Wo-Chien\n|-status|p1a: Wo-Chien|tox\n|\n|-heal|p1a: Wo-Chien|98\/100 tox|[from] item: Leftovers\n|-damage|p1a: Wo-Chien|92\/100 tox|[from] psn\n|upkeep\n|\n|t:|1682189574\n|switch|p1b: Glimmora|Glimmora, L50, F|47\/100\n|turn|7\n|\n|t:|1682189586\n|move|p2a: Arcanine|Protect|p2a: Arcanine\n|-singleturn|p2a: Arcanine|Protect\n|move|p1b: Glimmora|Power Gem|p2b: Toxapex\n|-damage|p2b: Toxapex|74\/100\n|move|p1a: Wo-Chien|Leech Seed|p2b: Toxapex\n|-start|p2b: Toxapex|move: Leech Seed\n|move|p2b: Toxapex|Liquidation|p1b: Glimmora\n|-supereffective|p1b: Glimmora\n|-damage|p1b: Glimmora|18\/100\n|-activate|p1b: Glimmora|ability: Toxic Debris\n|-sidestart|p2: Laithani|move: Toxic Spikes\n|\n|-heal|p1a: Wo-Chien|98\/100 tox|[from] item: Leftovers\n|-heal|p2b: Toxapex|79\/100|[from] item: Leftovers\n|-damage|p2b: Toxapex|67\/100|[from] Leech Seed|[of] p1a: Wo-Chien\n|-heal|p1a: Wo-Chien|100\/100 tox|[silent]\n|-damage|p1a: Wo-Chien|88\/100 tox|[from] psn\n|upkeep\n|turn|8\n|\n|t:|1682189612\n|move|p2a: Arcanine|Extreme Speed|p1b: Glimmora\n|-resisted|p1b: Glimmora\n|-crit|p1b: Glimmora\n|-damage|p1b: Glimmora|3\/100\n|-activate|p1b: Glimmora|ability: Toxic Debris\n|-sidestart|p2: Laithani|move: Toxic Spikes\n|move|p1b: Glimmora|Power Gem|p2a: Arcanine\n|-supereffective|p2a: Arcanine\n|-damage|p2a: Arcanine|7\/100\n|move|p1a: Wo-Chien|Leech Seed|p2a: Arcanine|[miss]\n|-miss|p1a: Wo-Chien|p2a: Arcanine\n|move|p2b: Toxapex|Recover|p2b: Toxapex\n|-heal|p2b: Toxapex|100\/100\n|\n|-heal|p1a: Wo-Chien|94\/100 tox|[from] item: Leftovers\n|-damage|p2b: Toxapex|88\/100|[from] Leech Seed|[of] p1a: Wo-Chien\n|-heal|p1a: Wo-Chien|100\/100 tox|[silent]\n|-damage|p1a: Wo-Chien|82\/100 tox|[from] psn\n|upkeep\n|turn|9\n|\n|t:|1682189642\n|move|p2a: Arcanine|Extreme Speed|p1b: Glimmora\n|-resisted|p1b: Glimmora\n|-damage|p1b: Glimmora|0 fnt\n|faint|p1b: Glimmora\n|move|p1a: Wo-Chien|Pollen Puff|p2a: Arcanine\n|-resisted|p2a: Arcanine\n|-damage|p2a: Arcanine|0 fnt\n|faint|p2a: Arcanine\n|move|p2b: Toxapex|Liquidation|p1a: Wo-Chien\n|-damage|p1a: Wo-Chien|72\/100 tox\n|\n|-heal|p1a: Wo-Chien|78\/100 tox|[from] item: Leftovers\n|-heal|p2b: Toxapex|94\/100|[from] item: Leftovers\n|-damage|p2b: Toxapex|82\/100|[from] Leech Seed|[of] p1a: Wo-Chien\n|-heal|p1a: Wo-Chien|88\/100 tox|[silent]\n|-damage|p1a: Wo-Chien|63\/100 tox|[from] psn\n|upkeep\n|turn|10\n|\n|t:|1682189661\n|move|p2b: Toxapex|Baneful Bunker|p2b: Toxapex\n|-singleturn|p2b: Toxapex|move: Protect\n|move|p1a: Wo-Chien|Pollen Puff|p2b: Toxapex\n|-activate|p2b: Toxapex|move: Protect\n|\n|-heal|p1a: Wo-Chien|69\/100 tox|[from] item: Leftovers\n|-heal|p2b: Toxapex|88\/100|[from] item: Leftovers\n|-damage|p2b: Toxapex|76\/100|[from] Leech Seed|[of] p1a: Wo-Chien\n|-heal|p1a: Wo-Chien|79\/100 tox|[silent]\n|-damage|p1a: Wo-Chien|48\/100 tox|[from] psn\n|upkeep\n|turn|11\n|\n|t:|1682189675\n|move|p1a: Wo-Chien|Pollen Puff|p2b: Toxapex\n|-resisted|p2b: Toxapex\n|-damage|p2b: Toxapex|69\/100\n|move|p2b: Toxapex|Recover|p2b: Toxapex\n|-heal|p2b: Toxapex|100\/100\n|\n|-heal|p1a: Wo-Chien|54\/100 tox|[from] item: Leftovers\n|-damage|p2b: Toxapex|88\/100|[from] Leech Seed|[of] p1a: Wo-Chien\n|-heal|p1a: Wo-Chien|64\/100 tox|[silent]\n|-damage|p1a: Wo-Chien|27\/100 tox|[from] psn\n|upkeep\n|turn|12\n|\n|t:|1682189709\n|move|p2b: Toxapex|Baneful Bunker|p2b: Toxapex\n|-singleturn|p2b: Toxapex|move: Protect\n|move|p1a: Wo-Chien|Pollen Puff|p2b: Toxapex\n|-activate|p2b: Toxapex|move: Protect\n|\n|-heal|p1a: Wo-Chien|33\/100 tox|[from] item: Leftovers\n|-heal|p2b: Toxapex|94\/100|[from] item: Leftovers\n|-damage|p2b: Toxapex|82\/100|[from] Leech Seed|[of] p1a: Wo-Chien\n|-heal|p1a: Wo-Chien|43\/100 tox|[silent]\n|-damage|p1a: Wo-Chien|0 fnt|[from] psn\n|faint|p1a: Wo-Chien\n|\n|win|Laithani\n|upkeep\n|raw|noritama1555's rating: 1127 → 1096<\/strong> (-31 for losing)\n|raw|Laithani's rating: 1036 → 1079<\/strong> (+43 for winning)\n|l|\u2606noritama1555\n","uploadtime":1682189738,"views":11,"p1id":"noritama1555","p2id":"laithani","formatid":"gen9vgc2023regulationc","rating":1079,"private":0,"password":""}