{"id":"gen9vgc2023regulationc-1857723549","p1":"Willthekid65934","p2":"velaxv","format":"[Gen 9] VGC 2023 Regulation C","log":"|j|\u2606Willthekid65934\n|j|\u2606velaxv\n|t:|1683225773\n|gametype|doubles\n|player|p1|Willthekid65934|steven|1054\n|player|p2|velaxv|265|1062\n|teamsize|p1|6\n|teamsize|p2|6\n|gen|9\n|tier|[Gen 9] VGC 2023 Regulation C\n|rated|\n|rule|Species Clause: Limit one of each Pok\u00e9mon\n|rule|Item Clause: Limit one of each item\n|clearpoke\n|poke|p1|Amoonguss, L50, M|\n|poke|p1|Palafin, L50, M|\n|poke|p1|Arcanine, L50, F|\n|poke|p1|Flutter Mane, L50|\n|poke|p1|Ting-Lu, L50|\n|poke|p1|Dragonite, L50, F|\n|poke|p2|Glimmora, L50, F|\n|poke|p2|Wo-Chien, L50|\n|poke|p2|Dondozo, L50, F|\n|poke|p2|Tatsugiri, L50, F|\n|poke|p2|Garganacl, L50, M|\n|poke|p2|Amoonguss, L50, M|\n|teampreview|4\n|inactive|Battle timer is ON: inactive players will automatically lose when time's up. (requested by Willthekid65934)\n|\n|t:|1683225798\n|start\n|switch|p1a: Pass the puff|Amoonguss, L50, M|100\/100\n|switch|p1b: All Might|Palafin, L50, M|100\/100\n|switch|p2a: Glimmora|Glimmora, L50, F|100\/100\n|switch|p2b: Wo-Chien|Wo-Chien, L50|100\/100\n|-ability|p2b: Wo-Chien|Tablets of Ruin\n|turn|1\n|\n|t:|1683225815\n|detailschange|p1b: All Might|Palafin-Hero, L50, M\n|switch|p1b: RK9|Arcanine, L50, F|100\/100\n|-ability|p1b: RK9|Intimidate|boost\n|-unboost|p2a: Glimmora|atk|1\n|-unboost|p2b: Wo-Chien|atk|1\n|move|p1a: Pass the puff|Rage Powder|p1a: Pass the puff\n|-singleturn|p1a: Pass the puff|move: Rage Powder\n|move|p2a: Glimmora|Mortal Spin|p1a: Pass the puff|[spread] p1a,p1b\n|-damage|p1a: Pass the puff|99\/100\n|-damage|p1b: RK9|98\/100\n|-status|p1b: RK9|psn\n|move|p2b: Wo-Chien|Pollen Puff|p1a: Pass the puff\n|-damage|p1a: Pass the puff|80\/100\n|\n|-damage|p1b: RK9|86\/100 psn|[from] psn\n|upkeep\n|turn|2\n|inactive|Willthekid65934 has 30 seconds left.\n|\n|t:|1683225844\n|move|p1b: RK9|Will-O-Wisp|p2b: Wo-Chien\n|-status|p2b: Wo-Chien|brn\n|move|p2a: Glimmora|Earth Power|p1b: RK9\n|-supereffective|p1b: RK9\n|-damage|p1b: RK9|15\/100 psn\n|move|p2b: Wo-Chien|Leech Seed|p1b: RK9\n|-start|p1b: RK9|move: Leech Seed\n|move|p1a: Pass the puff|Spore|p2a: Glimmora\n|-status|p2a: Glimmora|slp|[from] move: Spore\n|\n|-damage|p1b: RK9|3\/100 psn|[from] Leech Seed|[of] p2b: Wo-Chien\n|-damage|p1b: RK9|0 fnt|[from] psn\n|faint|p1b: RK9\n|-damage|p2b: Wo-Chien|95\/100 brn|[from] brn\n|upkeep\n|\n|t:|1683225862\n|switch|p1b: All Might|Palafin-Hero, L50, M|100\/100\n|-activate|p1b: All Might|ability: Zero to Hero\n|turn|3\n|\n|t:|1683225871\n|move|p1b: All Might|Wave Crash|p2a: Glimmora\n|-supereffective|p2a: Glimmora\n|-damage|p2a: Glimmora|0 fnt\n|-activate|p2a: Glimmora|ability: Toxic Debris\n|-sidestart|p1: Willthekid65934|move: Toxic Spikes\n|faint|p2a: Glimmora\n|-damage|p1b: All Might|69\/100|[from] Recoil\n|move|p2b: Wo-Chien|Leech Seed|p1b: All Might\n|-start|p1b: All Might|move: Leech Seed\n|move|p1a: Pass the puff|Pollen Puff|p2b: Wo-Chien\n|-supereffective|p2b: Wo-Chien\n|-damage|p2b: Wo-Chien|55\/100 brn\n|\n|-damage|p1b: All Might|56\/100|[from] Leech Seed|[of] p2b: Wo-Chien\n|-heal|p2b: Wo-Chien|71\/100 brn|[silent]\n|-damage|p2b: Wo-Chien|65\/100 brn|[from] brn\n|upkeep\n|inactive|velaxv has 30 seconds left.\n|\n|t:|1683225900\n|switch|p2a: Dondozo|Dondozo, L50, F|100\/100\n|turn|4\n|\n|t:|1683225916\n|switch|p2b: Tatsugiri|Tatsugiri, L50, F|100\/100\n|-activate|p2b: Tatsugiri|ability: Commander|[of] p2a: Dondozo\n|-boost|p2a: Dondozo|atk|2\n|-boost|p2a: Dondozo|spa|2\n|-boost|p2a: Dondozo|spe|2\n|-boost|p2a: Dondozo|def|2\n|-boost|p2a: Dondozo|spd|2\n|-terastallize|p2a: Dondozo|Water\n|move|p2a: Dondozo|Wave Crash|p1b: All Might\n|-resisted|p1b: All Might\n|-damage|p1b: All Might|0 fnt\n|faint|p1b: All Might\n|-damage|p2a: Dondozo|85\/100|[from] Recoil\n|move|p1a: Pass the puff|Pollen Puff|p1: All Might|[notarget]\n|-fail|p1a: Pass the puff\n|\n|-heal|p2a: Dondozo|91\/100|[from] item: Leftovers\n|upkeep\n|\n|t:|1683225934\n|switch|p1b: Ting-Lu|Ting-Lu, L50|100\/100\n|-status|p1b: Ting-Lu|psn\n|-ability|p1b: Ting-Lu|Vessel of Ruin\n|turn|5\n|\n|t:|1683225949\n|-terastallize|p1b: Ting-Lu|Poison\n|move|p2a: Dondozo|Earthquake|p1b: Ting-Lu|[spread] p1a,p1b\n|-miss|p2a: Dondozo|p2b: Tatsugiri\n|-supereffective|p1b: Ting-Lu\n|-damage|p1a: Pass the puff|44\/100\n|-damage|p1b: Ting-Lu|54\/100 psn\n|-enditem|p1a: Pass the puff|Sitrus Berry|[eat]\n|-heal|p1a: Pass the puff|69\/100|[from] item: Sitrus Berry\n|move|p1b: Ting-Lu|Fissure|p2a: Dondozo\n|-damage|p2a: Dondozo|0 fnt\n|faint|p2a: Dondozo\n|-ohko\n|move|p1a: Pass the puff|Spore|p2b: Tatsugiri\n|-status|p2b: Tatsugiri|slp|[from] move: Spore\n|\n|-damage|p1b: Ting-Lu|42\/100 psn|[from] psn\n|upkeep\n|\n|t:|1683225964\n|switch|p2a: Wo-Chien|Wo-Chien, L50|65\/100 brn\n|-ability|p2a: Wo-Chien|Tablets of Ruin\n|turn|6\n|\n|t:|1683225975\n|cant|p2b: Tatsugiri|slp\n|move|p2a: Wo-Chien|Leech Seed|p1b: Ting-Lu\n|-start|p1b: Ting-Lu|move: Leech Seed\n|move|p1b: Ting-Lu|Fissure|p2a: Wo-Chien|[miss]\n|-miss|p1b: Ting-Lu|p2a: Wo-Chien\n|move|p1a: Pass the puff|Pollen Puff|p1b: Ting-Lu\n|-heal|p1b: Ting-Lu|92\/100 psn\n|\n|-damage|p1b: Ting-Lu|79\/100 psn|[from] Leech Seed|[of] p2a: Wo-Chien\n|-heal|p2a: Wo-Chien|86\/100 brn|[silent]\n|-damage|p1b: Ting-Lu|67\/100 psn|[from] psn\n|-damage|p2a: Wo-Chien|80\/100 brn|[from] brn\n|upkeep\n|turn|7\n|inactive|velaxv has 30 seconds left.\n|inactive|velaxv has 20 seconds left.\n|inactive|velaxv has 15 seconds left.\n|inactive|velaxv has 10 seconds left.\n|\n|t:|1683226024\n|cant|p2b: Tatsugiri|slp\n|move|p2a: Wo-Chien|Substitute|p2a: Wo-Chien\n|-start|p2a: Wo-Chien|Substitute\n|-damage|p2a: Wo-Chien|55\/100 brn\n|move|p1b: Ting-Lu|Ruination|p2a: Wo-Chien\n|-end|p2a: Wo-Chien|Substitute\n|move|p1a: Pass the puff|Pollen Puff|p2a: Wo-Chien\n|-supereffective|p2a: Wo-Chien\n|-damage|p2a: Wo-Chien|26\/100 brn\n|\n|-damage|p1b: Ting-Lu|55\/100 psn|[from] Leech Seed|[of] p2a: Wo-Chien\n|-heal|p2a: Wo-Chien|47\/100 brn|[silent]\n|-damage|p1b: Ting-Lu|43\/100 psn|[from] psn\n|-damage|p2a: Wo-Chien|41\/100 brn|[from] brn\n|upkeep\n|turn|8\n|inactive|velaxv has 30 seconds left.\n|\n|t:|1683226051\n|-curestatus|p2b: Tatsugiri|slp|[msg]\n|move|p2b: Tatsugiri|Icy Wind|p1b: Ting-Lu|[spread] p1a,p1b\n|-supereffective|p1a: Pass the puff\n|-damage|p1a: Pass the puff|49\/100\n|-damage|p1b: Ting-Lu|38\/100 psn\n|-unboost|p1a: Pass the puff|spe|1\n|-unboost|p1b: Ting-Lu|spe|1\n|move|p2a: Wo-Chien|Pollen Puff|p1a: Pass the puff\n|-damage|p1a: Pass the puff|36\/100\n|move|p1b: Ting-Lu|Heavy Slam|p2a: Wo-Chien\n|-damage|p2a: Wo-Chien|15\/100 brn\n|move|p1a: Pass the puff|Pollen Puff|p1b: Ting-Lu\n|-heal|p1b: Ting-Lu|87\/100 psn\n|\n|-damage|p1b: Ting-Lu|75\/100 psn|[from] Leech Seed|[of] p2a: Wo-Chien\n|-heal|p2a: Wo-Chien|36\/100 brn|[silent]\n|-damage|p1b: Ting-Lu|63\/100 psn|[from] psn\n|-damage|p2a: Wo-Chien|30\/100 brn|[from] brn\n|upkeep\n|turn|9\n|\n|t:|1683226076\n|move|p2a: Wo-Chien|Protect|p2a: Wo-Chien\n|-singleturn|p2a: Wo-Chien|Protect\n|move|p2b: Tatsugiri|Icy Wind|p1a: Pass the puff|[spread] p1a,p1b\n|-supereffective|p1a: Pass the puff\n|-damage|p1a: Pass the puff|17\/100\n|-damage|p1b: Ting-Lu|58\/100 psn\n|-unboost|p1a: Pass the puff|spe|1\n|-unboost|p1b: Ting-Lu|spe|1\n|move|p1b: Ting-Lu|Fissure|p2b: Tatsugiri\n|-damage|p2b: Tatsugiri|0 fnt\n|faint|p2b: Tatsugiri\n|-ohko\n|move|p1a: Pass the puff|Pollen Puff|p2a: Wo-Chien\n|-activate|p2a: Wo-Chien|move: Protect\n|\n|-damage|p1b: Ting-Lu|46\/100 psn|[from] Leech Seed|[of] p2a: Wo-Chien\n|-heal|p2a: Wo-Chien|50\/100 brn|[silent]\n|-damage|p1b: Ting-Lu|34\/100 psn|[from] psn\n|-damage|p2a: Wo-Chien|44\/100 brn|[from] brn\n|upkeep\n|turn|10\n|\n|t:|1683226101\n|move|p2a: Wo-Chien|Substitute|p2a: Wo-Chien\n|-start|p2a: Wo-Chien|Substitute\n|-damage|p2a: Wo-Chien|20\/100 brn\n|move|p1b: Ting-Lu|Ruination|p2a: Wo-Chien\n|-activate|p2a: Wo-Chien|move: Substitute|[damage]\n|move|p1a: Pass the puff|Pollen Puff|p2a: Wo-Chien\n|-supereffective|p2a: Wo-Chien\n|-end|p2a: Wo-Chien|Substitute\n|\n|-damage|p1b: Ting-Lu|21\/100 psn|[from] Leech Seed|[of] p2a: Wo-Chien\n|-heal|p2a: Wo-Chien|40\/100 brn|[silent]\n|-damage|p1b: Ting-Lu|9\/100 psn|[from] psn\n|-damage|p2a: Wo-Chien|35\/100 brn|[from] brn\n|upkeep\n|turn|11\n|\n|t:|1683226127\n|move|p2a: Wo-Chien|Protect|p2a: Wo-Chien\n|-singleturn|p2a: Wo-Chien|Protect\n|move|p1b: Ting-Lu|Fissure|p2a: Wo-Chien\n|-activate|p2a: Wo-Chien|move: Protect\n|move|p1a: Pass the puff|Pollen Puff|p1b: Ting-Lu\n|-heal|p1b: Ting-Lu|59\/100 psn\n|\n|-damage|p1b: Ting-Lu|47\/100 psn|[from] Leech Seed|[of] p2a: Wo-Chien\n|-heal|p2a: Wo-Chien|55\/100 brn|[silent]\n|-damage|p1b: Ting-Lu|34\/100 psn|[from] psn\n|-damage|p2a: Wo-Chien|49\/100 brn|[from] brn\n|upkeep\n|turn|12\n|\n|t:|1683226144\n|move|p2a: Wo-Chien|Substitute|p2a: Wo-Chien\n|-start|p2a: Wo-Chien|Substitute\n|-damage|p2a: Wo-Chien|25\/100 brn\n|move|p1b: Ting-Lu|Heavy Slam|p2a: Wo-Chien\n|-crit|p2a: Wo-Chien\n|-end|p2a: Wo-Chien|Substitute\n|move|p1a: Pass the puff|Pollen Puff|p2a: Wo-Chien\n|-supereffective|p2a: Wo-Chien\n|-damage|p2a: Wo-Chien|0 fnt\n|faint|p2a: Wo-Chien\n|\n|win|Willthekid65934\n|raw|Willthekid65934's rating: 1054 → 1087<\/strong> (+33 for winning)\n|raw|velaxv's rating: 1062 → 1042<\/strong> (-20 for losing)\n|l|\u2606velaxv\n|c|\u2606Willthekid65934|Common wo chien L\n","uploadtime":1683226180,"views":11,"p1id":"willthekid65934","p2id":"velaxv","formatid":"gen9vgc2023regulationc","rating":1042,"private":0,"password":""}