{"id":"gen9vgc2023regulationc-1850772440","p1":"ryanogiggs11","p2":"Gemstone Bandits","format":"[Gen 9] VGC 2023 Regulation C","log":"|j|\u2606ryanogiggs11\n|j|\u2606Gemstone Bandits\n|t:|1682366437\n|gametype|doubles\n|player|p1|ryanogiggs11|dawn|\n|player|p2|Gemstone Bandits|shadowtriad|\n|teamsize|p1|6\n|teamsize|p2|6\n|gen|9\n|tier|[Gen 9] VGC 2023 Regulation C\n|rule|Species Clause: Limit one of each Pok\u00e9mon\n|rule|Item Clause: Limit one of each item\n|clearpoke\n|poke|p1|Annihilape, L50, M|\n|poke|p1|Vivillon-Icy Snow, L50, F|\n|poke|p1|Dondozo, L50, F|\n|poke|p1|Tatsugiri, L50, M|\n|poke|p1|Flamigo, L50, F|\n|poke|p1|Weavile, L50, F|\n|poke|p2|Tyranitar, L50, F|\n|poke|p2|Garchomp, L50, F|\n|poke|p2|Gengar, L50, F|\n|poke|p2|Sandy Shocks, L50|\n|poke|p2|Orthworm, L50, F|\n|poke|p2|Jumpluff, L50, M|\n|teampreview|4\n|c|\u2606Gemstone Bandits|G2\n|c|\u2606Gemstone Bandits|glhf\n|c|\u2606ryanogiggs11|glhf\n|\n|t:|1682366754\n|start\n|switch|p1a: Annihilape|Annihilape, L50, M|100\/100\n|switch|p1b: Weavile|Weavile, L50, F|100\/100\n|switch|p2a: Tyranitar|Tyranitar, L50, F|100\/100\n|switch|p2b: Garchomp|Garchomp, L50, F|100\/100\n|-weather|Sandstorm|[from] ability: Sand Stream|[of] p2a: Tyranitar\n|turn|1\n|\n|t:|1682366793\n|move|p2b: Garchomp|Protect|p2b: Garchomp\n|-singleturn|p2b: Garchomp|Protect\n|move|p1a: Annihilape|Protect|p1a: Annihilape\n|-singleturn|p1a: Annihilape|Protect\n|move|p1b: Weavile|Ice Spinner|p2b: Garchomp\n|-activate|p2b: Garchomp|move: Protect\n|move|p2a: Tyranitar|Rock Slide|p1b: Weavile|[spread] p1b\n|-activate|p1a: Annihilape|move: Protect\n|-supereffective|p1b: Weavile\n|-enditem|p1b: Weavile|Focus Sash\n|-damage|p1b: Weavile|1\/100\n|-damage|p2a: Tyranitar|91\/100|[from] item: Life Orb\n|\n|-weather|Sandstorm|[upkeep]\n|-damage|p1b: Weavile|0 fnt|[from] Sandstorm\n|-damage|p1a: Annihilape|94\/100|[from] Sandstorm\n|faint|p1b: Weavile\n|upkeep\n|inactive|Battle timer is ON: inactive players will automatically lose when time's up. (requested by ryanogiggs11)\n|\n|t:|1682366815\n|switch|p1b: Vivillon|Vivillon-Icy Snow, L50, F|100\/100\n|turn|2\n|inactive|Gemstone Bandits has 30 seconds left.\n|inactive|Gemstone Bandits has 20 seconds left.\n|\n|t:|1682366854\n|-terastallize|p2b: Garchomp|Ghost\n|-terastallize|p1a: Annihilape|Fairy\n|move|p2b: Garchomp|Shadow Claw|p1a: Annihilape\n|-damage|p1a: Annihilape|74\/100\n|move|p1b: Vivillon|Sleep Powder|p2b: Garchomp|[miss]\n|-miss|p1b: Vivillon|p2b: Garchomp\n|move|p1a: Annihilape|Drain Punch|p2a: Tyranitar\n|-supereffective|p2a: Tyranitar\n|-damage|p2a: Tyranitar|0 fnt\n|-heal|p1a: Annihilape|100\/100|[from] drain|[of] p2a: Tyranitar\n|faint|p2a: Tyranitar\n|\n|-weather|Sandstorm|[upkeep]\n|-damage|p1b: Vivillon|95\/100|[from] Sandstorm\n|-damage|p1a: Annihilape|94\/100|[from] Sandstorm\n|upkeep\n|\n|t:|1682366876\n|switch|p2a: Sandy Shocks|Sandy Shocks, L50|100\/100\n|turn|3\n|inactive|ryanogiggs11 has 30 seconds left.\n|inactive|ryanogiggs11 has 20 seconds left.\n|inactive|ryanogiggs11 has 15 seconds left.\n|inactive|ryanogiggs11 has 10 seconds left.\n|\n|t:|1682366925\n|move|p2b: Garchomp|Protect|p2b: Garchomp\n|-singleturn|p2b: Garchomp|Protect\n|move|p2a: Sandy Shocks|Flash Cannon|p1a: Annihilape\n|-supereffective|p1a: Annihilape\n|-damage|p1a: Annihilape|42\/100\n|move|p1b: Vivillon|Sleep Powder|p2b: Garchomp\n|-activate|p2b: Garchomp|move: Protect\n|move|p1a: Annihilape|Rage Fist|p2a: Sandy Shocks\n|-damage|p2a: Sandy Shocks|23\/100\n|\n|-weather|Sandstorm|[upkeep]\n|-damage|p1b: Vivillon|89\/100|[from] Sandstorm\n|-damage|p1a: Annihilape|36\/100|[from] Sandstorm\n|upkeep\n|turn|4\n|inactive|ryanogiggs11 has 30 seconds left.\n|inactive|Gemstone Bandits has 30 seconds left.\n|\n|t:|1682366953\n|move|p1b: Vivillon|Rage Powder|p1b: Vivillon\n|-singleturn|p1b: Vivillon|move: Rage Powder\n|move|p2b: Garchomp|Outrage|p1b: Vivillon\n|-damage|p1b: Vivillon|10\/100\n|-enditem|p1b: Vivillon|Red Card|[of] p2b: Garchomp\n|drag|p2b: Jumpluff|Jumpluff, L50, M|100\/100\n|move|p2a: Sandy Shocks|Flash Cannon|p1b: Vivillon\n|-damage|p1b: Vivillon|0 fnt\n|faint|p1b: Vivillon\n|move|p1a: Annihilape|Rest|p1a: Annihilape\n|-status|p1a: Annihilape|slp|[from] move: Rest\n|-heal|p1a: Annihilape|100\/100 slp|[silent]\n|-enditem|p1a: Annihilape|Chesto Berry|[eat]\n|-curestatus|p1a: Annihilape|slp|[msg]\n|\n|-weather|Sandstorm|[upkeep]\n|-damage|p2b: Jumpluff|94\/100|[from] Sandstorm\n|-damage|p1a: Annihilape|94\/100|[from] Sandstorm\n|upkeep\n|\n|t:|1682366969\n|switch|p1b: Flamigo|Flamigo, L50, F|100\/100\n|turn|5\n|inactive|Gemstone Bandits has 30 seconds left.\n|inactive|Gemstone Bandits has 20 seconds left.\n|inactive|Gemstone Bandits has 15 seconds left.\n|\n|t:|1682367009\n|move|p1b: Flamigo|Brave Bird|p2b: Jumpluff\n|-supereffective|p2b: Jumpluff\n|-damage|p2b: Jumpluff|0 fnt\n|faint|p2b: Jumpluff\n|-damage|p1b: Flamigo|66\/100|[from] Recoil\n|move|p2a: Sandy Shocks|Flash Cannon|p1a: Annihilape\n|-supereffective|p1a: Annihilape\n|-damage|p1a: Annihilape|26\/100\n|move|p1a: Annihilape|Rage Fist|p2a: Sandy Shocks\n|-damage|p2a: Sandy Shocks|0 fnt\n|faint|p2a: Sandy Shocks\n|-end|p2a: Sandy Shocks|Protosynthesis|[silent]\n|\n|-weather|none\n|upkeep\n|\n|t:|1682367014\n|switch|p2b: Garchomp|Garchomp, L50, F, tera:Ghost|100\/100\n|turn|6\n|\n|t:|1682367027\n|move|p1b: Flamigo|Brave Bird|p2b: Garchomp\n|-damage|p2b: Garchomp|52\/100\n|-damage|p1b: Flamigo|44\/100|[from] Recoil\n|move|p2b: Garchomp|Earthquake|p1a: Annihilape|[spread] p1a\n|-immune|p1b: Flamigo\n|-damage|p1a: Annihilape|0 fnt\n|faint|p1a: Annihilape\n|\n|upkeep\n|turn|7\n|\n|t:|1682367041\n|move|p1b: Flamigo|Brave Bird|p2b: Garchomp\n|-damage|p2b: Garchomp|9\/100\n|-damage|p1b: Flamigo|25\/100|[from] Recoil\n|move|p2b: Garchomp|Outrage|p1b: Flamigo\n|-damage|p1b: Flamigo|0 fnt\n|faint|p1b: Flamigo\n|\n|win|Gemstone Bandits\n|c|\u2606ryanogiggs11|gg man\n|c|\u2606Gemstone Bandits|gg\n|l|\u2606Gemstone Bandits\n","uploadtime":1682367471,"views":35,"p1id":"ryanogiggs11","p2id":"gemstonebandits","formatid":"gen9vgc2023regulationc","rating":0,"private":0,"password":""}