{"id":"gen9vgc2023regulationc-1855613463","p1":"Namat01","p2":"C0sta96","format":"[Gen 9] VGC 2023 Regulation C","log":"|j|\u2606Namat01\n|j|\u2606C0sta96\n|t:|1682966566\n|gametype|doubles\n|player|p1|Namat01|266|1065\n|player|p2|C0sta96|sailor|1134\n|teamsize|p1|6\n|teamsize|p2|6\n|gen|9\n|tier|[Gen 9] VGC 2023 Regulation C\n|rated|\n|rule|Species Clause: Limit one of each Pok\u00e9mon\n|rule|Item Clause: Limit one of each item\n|clearpoke\n|poke|p1|Ting-Lu, L50|\n|poke|p1|Arcanine, L50, M|\n|poke|p1|Flutter Mane, L50|\n|poke|p1|Iron Hands, L50|\n|poke|p1|Kingambit, L50, F|\n|poke|p1|Iron Bundle, L50|\n|poke|p2|Toedscruel, L50, F|\n|poke|p2|Dondozo, L50, F|\n|poke|p2|Tatsugiri, L50, M|\n|poke|p2|Indeedee-F, L50, F|\n|poke|p2|Armarouge, L50, F|\n|poke|p2|Ting-Lu, L50|\n|teampreview|4\nNamat01 has agreed to open team sheets.\nC0sta96 has agreed to open team sheets.\n|inactive|Battle timer is ON: inactive players will automatically lose when time's up. (requested by C0sta96)\n|\n|t:|1682966634\n|start\n|switch|p1a: Kingambit|Kingambit, L50, F|100\/100\n|switch|p1b: Arcanine|Arcanine, L50, M|100\/100\n|switch|p2a: ?|Indeedee-F, L50, F|100\/100\n|switch|p2b: Kelvin|Armarouge, L50, F|100\/100\n|-ability|p1b: Arcanine|Intimidate|boost\n|-unboost|p2a: ?|atk|1\n|-unboost|p2b: Kelvin|atk|1\n|-fieldstart|move: Psychic Terrain|[from] ability: Psychic Surge|[of] p2a: ?\n|turn|1\n|inactive|Namat01 has 30 seconds left.\n|inactive|Namat01 has 20 seconds left.\n|\n|t:|1682966670\n|switch|p1b: Ting-Lu|Ting-Lu, L50|100\/100\n|-ability|p1b: Ting-Lu|Vessel of Ruin\n|move|p2a: ?|Follow Me|p2a: ?\n|-singleturn|p2a: ?|move: Follow Me\n|move|p2b: Kelvin|Armor Cannon|p1a: Kingambit\n|-supereffective|p1a: Kingambit\n|-damage|p1a: Kingambit|0 fnt\n|-unboost|p2b: Kelvin|def|1\n|-unboost|p2b: Kelvin|spd|1\n|faint|p1a: Kingambit\n|-damage|p2b: Kelvin|91\/100|[from] item: Life Orb\n|\n|upkeep\n|\n|t:|1682966684\n|switch|p1a: Iron Bundle|Iron Bundle, L50|100\/100\n|-enditem|p1a: Iron Bundle|Booster Energy\n|-activate|p1a: Iron Bundle|ability: Quark Drive|[fromitem]\n|-start|p1a: Iron Bundle|quarkdrivespe\n|turn|2\n|\n|t:|1682966704\n|move|p2a: ?|Follow Me|p2a: ?\n|-singleturn|p2a: ?|move: Follow Me\n|move|p1a: Iron Bundle|Hydro Pump|p2a: ?|[miss]\n|-miss|p1a: Iron Bundle|p2a: ?\n|move|p2b: Kelvin|Expanding Force|p1a: Iron Bundle|[spread] p1a\n|-immune|p1b: Ting-Lu\n|-damage|p1a: Iron Bundle|0 fnt\n|faint|p1a: Iron Bundle\n|-end|p1a: Iron Bundle|Quark Drive|[silent]\n|-damage|p2b: Kelvin|81\/100|[from] item: Life Orb\n|move|p1b: Ting-Lu|Throat Chop|p2a: ?\n|-supereffective|p2a: ?\n|-damage|p2a: ?|4\/100\n|-start|p2a: ?|Throat Chop|[silent]\n|-enditem|p2a: ?|Aguav Berry|[eat]\n|-heal|p2a: ?|38\/100|[from] item: Aguav Berry\n|\n|upkeep\n|\n|t:|1682966721\n|switch|p1a: Arcanine|Arcanine, L50, M|100\/100\n|-ability|p1a: Arcanine|Intimidate|boost\n|-unboost|p2a: ?|atk|1\n|-unboost|p2b: Kelvin|atk|1\n|turn|3\n|\n|t:|1682966736\n|move|p1a: Arcanine|Protect|p1a: Arcanine\n|-singleturn|p1a: Arcanine|Protect\n|move|p2a: ?|Follow Me|p2a: ?\n|-singleturn|p2a: ?|move: Follow Me\n|move|p2b: Kelvin|Expanding Force|p1a: Arcanine|[spread] \n|-activate|p1a: Arcanine|move: Protect\n|-immune|p1b: Ting-Lu\n|move|p1b: Ting-Lu|Stomping Tantrum|p2a: ?\n|-damage|p2a: ?|0 fnt\n|faint|p2a: ?\n|\n|upkeep\n|\n|t:|1682966750\n|switch|p2a: Magalh\u00e3es|Tatsugiri, L50, M|100\/100\n|turn|4\n|\n|t:|1682966770\n|move|p2b: Kelvin|Protect|p2b: Kelvin\n|-singleturn|p2b: Kelvin|Protect\n|move|p1a: Arcanine|Will-O-Wisp|p2b: Kelvin\n|-activate|p2b: Kelvin|move: Protect\n|move|p2a: Magalh\u00e3es|Muddy Water|p1a: Arcanine|[spread] p1b\n|-miss|p2a: Magalh\u00e3es|p1a: Arcanine\n|-supereffective|p1b: Ting-Lu\n|-damage|p1b: Ting-Lu|75\/100\n|-unboost|p1b: Ting-Lu|accuracy|1\n|move|p1b: Ting-Lu|Fissure|p2b: Kelvin\n|-activate|p2b: Kelvin|move: Protect\n|\n|upkeep\n|turn|5\n|inactive|Namat01 has 30 seconds left.\n|inactive|C0sta96 has 30 seconds left.\n|inactive|Namat01 has 20 seconds left.\n|inactive|C0sta96 has 20 seconds left.\n|\n|t:|1682966808\n|move|p1a: Arcanine|Protect|p1a: Arcanine\n|-singleturn|p1a: Arcanine|Protect\n|move|p2a: Magalh\u00e3es|Muddy Water|p1b: Ting-Lu|[spread] p1b\n|-activate|p1a: Arcanine|move: Protect\n|-supereffective|p1b: Ting-Lu\n|-damage|p1b: Ting-Lu|49\/100\n|-unboost|p1b: Ting-Lu|accuracy|1\n|move|p2b: Kelvin|Expanding Force|p1a: Arcanine|[spread] \n|-activate|p1a: Arcanine|move: Protect\n|-immune|p1b: Ting-Lu\n|move|p1b: Ting-Lu|Fissure|p2b: Kelvin|[miss]\n|-miss|p1b: Ting-Lu|p2b: Kelvin\n|\n|-fieldend|move: Psychic Terrain\n|upkeep\n|turn|6\n|\n|t:|1682966828\n|move|p2a: Magalh\u00e3es|Protect|p2a: Magalh\u00e3es\n|-singleturn|p2a: Magalh\u00e3es|Protect\n|move|p2b: Kelvin|Protect|p2b: Kelvin\n|-singleturn|p2b: Kelvin|Protect\n|move|p1a: Arcanine|Extreme Speed|p2a: Magalh\u00e3es\n|-activate|p2a: Magalh\u00e3es|move: Protect\n|move|p1b: Ting-Lu|Stomping Tantrum|p2b: Kelvin\n|-activate|p2b: Kelvin|move: Protect\n|\n|upkeep\n|turn|7\n|\n|t:|1682966849\n|move|p1a: Arcanine|Protect|p1a: Arcanine\n|-singleturn|p1a: Arcanine|Protect\n|move|p2a: Magalh\u00e3es|Muddy Water|p1b: Ting-Lu|[spread] p1b\n|-activate|p1a: Arcanine|move: Protect\n|-supereffective|p1b: Ting-Lu\n|-damage|p1b: Ting-Lu|24\/100\n|-unboost|p1b: Ting-Lu|accuracy|1\n|move|p2b: Kelvin|Expanding Force|p1a: Arcanine\n|-activate|p1a: Arcanine|move: Protect\n|move|p1b: Ting-Lu|Stomping Tantrum|p2b: Kelvin|[miss]\n|-miss|p1b: Ting-Lu|p2b: Kelvin\n|\n|upkeep\n|turn|8\n|c|\u2606Namat01|gg\n|\n|t:|1682966868\n|move|p1a: Arcanine|Extreme Speed|p2a: Magalh\u00e3es\n|-damage|p2a: Magalh\u00e3es|66\/100\n|move|p2a: Magalh\u00e3es|Muddy Water|p1a: Arcanine|[spread] p1a,p1b\n|-supereffective|p1a: Arcanine\n|-supereffective|p1b: Ting-Lu\n|-damage|p1a: Arcanine|39\/100\n|-damage|p1b: Ting-Lu|0 fnt\n|faint|p1b: Ting-Lu\n|move|p2b: Kelvin|Expanding Force|p1a: Arcanine\n|-damage|p1a: Arcanine|0 fnt\n|faint|p1a: Arcanine\n|-damage|p2b: Kelvin|71\/100|[from] item: Life Orb\n|\n|win|C0sta96\n|raw|Namat01's rating: 1065 → 1049<\/strong> (-16 for losing)\n|raw|C0sta96's rating: 1134 → 1154<\/strong> (+20 for winning)\n|c|\u2606C0sta96|gg\n|l|\u2606Namat01\n","uploadtime":1682966908,"views":17,"p1id":"namat01","p2id":"c0sta96","formatid":"gen9vgc2023regulationc","rating":1049,"private":0,"password":""}