{"id":"gen9vgc2023regulationc-1862009604","p1":"bambambi","p2":"Lefties Chi-Yu","format":"[Gen 9] VGC 2023 Regulation C","log":"|j|\u2606bambambi\n|j|\u2606Lefties Chi-Yu\n|t:|1683828496\n|gametype|doubles\n|player|p1|bambambi|wallace-gen6|\n|player|p2|Lefties Chi-Yu|acetrainer-gen6xy|\n|teamsize|p1|6\n|teamsize|p2|6\n|gen|9\n|tier|[Gen 9] VGC 2023 Regulation C\n|rule|Species Clause: Limit one of each Pok\u00e9mon\n|rule|Item Clause: Limit one of each item\n|clearpoke\n|poke|p1|Flutter Mane, L50|\n|poke|p1|Chi-Yu, L50|\n|poke|p1|Great Tusk, L50|\n|poke|p1|Gyarados, L50, F|\n|poke|p1|Amoonguss, L50, M|\n|poke|p1|Murkrow, L50, F|\n|poke|p2|Indeedee-F, L50, F|\n|poke|p2|Armarouge, L50, M|\n|poke|p2|Talonflame, L50, M|\n|poke|p2|Great Tusk, L50|\n|poke|p2|Flutter Mane, L50|\n|poke|p2|Hydreigon, L50, M|\n|teampreview|4\nLefties Chi-Yu has agreed to open team sheets.\nbambambi has agreed to open team sheets.\n|\n|t:|1683828548\n|start\n|switch|p1a: Murkrow|Murkrow, L50, F, shiny|100\/100\n|switch|p1b: Portlandia|Great Tusk, L50|100\/100\n|switch|p2a: Armarouge|Armarouge, L50, M|100\/100\n|switch|p2b: Talonflame|Talonflame, L50, M|100\/100\n|turn|1\n|\n|t:|1683828583\n|-terastallize|p1b: Portlandia|Fire\n|move|p2a: Armarouge|Endure|p2a: Armarouge\n|-singleturn|p2a: Armarouge|move: Endure\n|move|p2b: Talonflame|Tailwind|p2b: Talonflame\n|-sidestart|p2: Lefties Chi-Yu|move: Tailwind\n|move|p1b: Portlandia|Earthquake|p2b: Talonflame|[spread] p2a\n|-immune|p1a: Murkrow\n|-immune|p2b: Talonflame\n|-supereffective|p2a: Armarouge\n|-damage|p2a: Armarouge|30\/100\n|-ability|p2a: Armarouge|Weak Armor|boost\n|-unboost|p2a: Armarouge|def|1\n|-boost|p2a: Armarouge|spe|2\n|-enditem|p2a: Armarouge|Weakness Policy\n|-boost|p2a: Armarouge|atk|2|[from] item: Weakness Policy\n|-boost|p2a: Armarouge|spa|2|[from] item: Weakness Policy\n|move|p1a: Murkrow|Foul Play|p2a: Armarouge\n|-supereffective|p2a: Armarouge\n|-activate|p2a: Armarouge|move: Endure\n|-damage|p2a: Armarouge|1\/100\n|-ability|p2a: Armarouge|Weak Armor|boost\n|-unboost|p2a: Armarouge|def|1\n|-boost|p2a: Armarouge|spe|2\n|\n|upkeep\n|turn|2\n|\n|t:|1683828640\n|switch|p2b: Indeedee|Indeedee-F, L50, F|100\/100\n|-fieldstart|move: Psychic Terrain|[from] ability: Psychic Surge|[of] p2b: Indeedee\n|-enditem|p2b: Indeedee|Psychic Seed\n|-boost|p2b: Indeedee|spd|1|[from] item: Psychic Seed\n|move|p1a: Murkrow|Sunny Day|p1a: Murkrow\n|-weather|SunnyDay\n|-activate|p1b: Portlandia|ability: Protosynthesis\n|-start|p1b: Portlandia|protosynthesisdef\n|move|p2a: Armarouge|Stored Power|p1b: Portlandia\n|-damage|p1b: Portlandia|0 fnt\n|faint|p1b: Portlandia\n|-end|p1b: Portlandia|Protosynthesis|[silent]\n|\n|-weather|SunnyDay|[upkeep]\n|upkeep\n|c|\u2606bambambi|I want to use this armarouge but Neil would say no so hard\n|\n|t:|1683828675\n|switch|p1b: Chi-Yu|Chi-Yu, L50|100\/100\n|-ability|p1b: Chi-Yu|Beads of Ruin\n|turn|3\n|c|\u2606Lefties Chi-Yu|neil would say what\n|\n|t:|1683828741\n|move|p2b: Indeedee|Protect|p2b: Indeedee\n|-singleturn|p2b: Indeedee|Protect\n|move|p1a: Murkrow|Haze|p1a: Murkrow\n|-clearallboost\n|move|p2a: Armarouge|Armor Cannon|p1a: Murkrow\n|-damage|p1a: Murkrow|0 fnt\n|-unboost|p2a: Armarouge|def|1\n|-unboost|p2a: Armarouge|spd|1\n|faint|p1a: Murkrow\n|move|p1b: Chi-Yu|Dark Pulse|p2b: Indeedee\n|-activate|p2b: Indeedee|move: Protect\n|\n|-weather|SunnyDay|[upkeep]\n|upkeep\n|\n|t:|1683828757\n|switch|p1a: Pearls|Flutter Mane, L50, shiny|100\/100\n|-activate|p1a: Pearls|ability: Protosynthesis\n|-start|p1a: Pearls|protosynthesisspe\n|turn|4\n|\n|t:|1683828793\n|move|p2b: Indeedee|Follow Me|p2b: Indeedee\n|-singleturn|p2b: Indeedee|move: Follow Me\n|move|p1a: Pearls|Dazzling Gleam|p2a: Armarouge|[spread] p2a,p2b\n|-resisted|p2a: Armarouge\n|-damage|p2a: Armarouge|0 fnt\n|-damage|p2b: Indeedee|61\/100\n|faint|p2a: Armarouge\n|move|p1b: Chi-Yu|Dark Pulse|p2b: Indeedee\n|-supereffective|p2b: Indeedee\n|-damage|p2b: Indeedee|0 fnt\n|faint|p2b: Indeedee\n|-damage|p1b: Chi-Yu|91\/100|[from] item: Life Orb\n|\n|-weather|SunnyDay|[upkeep]\n|-sideend|p2: Lefties Chi-Yu|move: Tailwind\n|upkeep\n|\n|t:|1683828798\n|switch|p2a: Flutter Mane|Flutter Mane, L50|100\/100\n|switch|p2b: Talonflame|Talonflame, L50, M|100\/100\n|-activate|p2a: Flutter Mane|ability: Protosynthesis\n|-start|p2a: Flutter Mane|protosynthesisspa\n|turn|5\n|\n|t:|1683828826\n|-terastallize|p2a: Flutter Mane|Fairy\n|move|p2b: Talonflame|Tailwind|p2b: Talonflame\n|-sidestart|p2: Lefties Chi-Yu|move: Tailwind\n|move|p2a: Flutter Mane|Dazzling Gleam|p1a: Pearls|[spread] p1a,p1b\n|-enditem|p1a: Pearls|Focus Sash\n|-damage|p1a: Pearls|1\/100\n|-damage|p1b: Chi-Yu|0 fnt\n|faint|p1b: Chi-Yu\n|move|p1a: Pearls|Shadow Ball|p2a: Flutter Mane\n|-damage|p2a: Flutter Mane|50\/100\n|\n|-weather|SunnyDay|[upkeep]\n|upkeep\n|turn|6\n|-message|bambambi forfeited.\n|\n|win|Lefties Chi-Yu\n|l|\u2606bambambi\n","uploadtime":1683829312,"views":15,"p1id":"bambambi","p2id":"leftieschiyu","formatid":"gen9vgc2023regulationc","rating":0,"private":0,"password":""}