{"id":"gen9vgc2023regulationc-1846939134","p1":"1crit","p2":"haha u rage quit","format":"[Gen 9] VGC 2023 Regulation C","log":"|j|\u26061crit\n|j|\u2606haha u rage quit\n|t:|1681903708\n|gametype|doubles\n|player|p1|1crit|iris-gen5bw2|1154\n|player|p2|haha u rage quit|pokemaniac|1093\n|teamsize|p1|6\n|teamsize|p2|6\n|gen|9\n|tier|[Gen 9] VGC 2023 Regulation C\n|rated|\n|rule|Species Clause: Limit one of each Pok\u00e9mon\n|rule|Item Clause: Limit one of each item\n|clearpoke\n|poke|p1|Chi-Yu, L50|\n|poke|p1|Dachsbun, L50, F|\n|poke|p1|Dragonite, L50, M|\n|poke|p1|Chien-Pao, L50|\n|poke|p1|Azumarill, L50, F|\n|poke|p1|Flutter Mane, L50|\n|poke|p2|Amoonguss, L50, M|\n|poke|p2|Flutter Mane, L50|\n|poke|p2|Arcanine, L50, M|\n|poke|p2|Iron Bundle, L50|\n|poke|p2|Baxcalibur, L50, M|\n|poke|p2|Palafin, L50, M|\n|teampreview|4\n1crit has agreed to open team sheets.\n|\n|t:|1681903748\n|start\n|switch|p1a: Dragonite|Dragonite, L50, M|100\/100\n|switch|p1b: Chien-Pao|Chien-Pao, L50|100\/100\n|switch|p2a: Iron Bundle|Iron Bundle, L50, shiny|100\/100\n|switch|p2b: Flutter Mane|Flutter Mane, L50|100\/100\n|-ability|p1b: Chien-Pao|Sword of Ruin\n|-enditem|p2b: Flutter Mane|Booster Energy\n|-activate|p2b: Flutter Mane|ability: Protosynthesis|[fromitem]\n|-start|p2b: Flutter Mane|protosynthesisspe\n|turn|1\n|\n|t:|1681903774\n|-terastallize|p1a: Dragonite|Flying\n|move|p2b: Flutter Mane|Protect|p2b: Flutter Mane\n|-singleturn|p2b: Flutter Mane|Protect\n|move|p2a: Iron Bundle|Icy Wind|p1a: Dragonite|[spread] p1a,p1b\n|-supereffective|p1a: Dragonite\n|-resisted|p1b: Chien-Pao\n|-damage|p1a: Dragonite|83\/100\n|-damage|p1b: Chien-Pao|83\/100\n|-unboost|p1b: Chien-Pao|spe|1\n|move|p1b: Chien-Pao|Throat Chop|p2a: Iron Bundle\n|-damage|p2a: Iron Bundle|38\/100\n|-start|p2a: Iron Bundle|Throat Chop|[silent]\n|move|p1a: Dragonite|Iron Head|p2b: Flutter Mane\n|-activate|p2b: Flutter Mane|move: Protect\n|\n|upkeep\n|turn|2\n|\n|t:|1681903798\n|-terastallize|p2b: Flutter Mane|Fairy\n|move|p1b: Chien-Pao|Protect|p1b: Chien-Pao\n|-singleturn|p1b: Chien-Pao|Protect\n|move|p1a: Dragonite|Extreme Speed|p2a: Iron Bundle\n|-damage|p2a: Iron Bundle|0 fnt\n|faint|p2a: Iron Bundle\n|-end|p2a: Iron Bundle|Quark Drive|[silent]\n|move|p2b: Flutter Mane|Dazzling Gleam|p1a: Dragonite|[spread] p1a\n|-activate|p1b: Chien-Pao|move: Protect\n|-damage|p1a: Dragonite|41\/100\n|\n|upkeep\n|\n|t:|1681903817\n|switch|p2a: Amoonguss|Amoonguss, L50, M|100\/100\n|turn|3\n|\n|t:|1681903836\n|move|p1a: Dragonite|Protect|p1a: Dragonite\n|-singleturn|p1a: Dragonite|Protect\n|move|p2a: Amoonguss|Protect|p2a: Amoonguss\n|-singleturn|p2a: Amoonguss|Protect\n|move|p2b: Flutter Mane|Dazzling Gleam|p1b: Chien-Pao|[spread] p1b\n|-activate|p1a: Dragonite|move: Protect\n|-supereffective|p1b: Chien-Pao\n|-damage|p1b: Chien-Pao|0 fnt\n|faint|p1b: Chien-Pao\n|\n|upkeep\n|\n|t:|1681903852\n|switch|p1b: Chi-Yu|Chi-Yu, L50|100\/100\n|-ability|p1b: Chi-Yu|Beads of Ruin\n|turn|4\n|\n|t:|1681903866\n|switch|p2a: Palafin|Palafin, L50, M|100\/100\n|move|p2b: Flutter Mane|Moonblast|p1a: Dragonite\n|-damage|p1a: Dragonite|0 fnt\n|faint|p1a: Dragonite\n|move|p1b: Chi-Yu|Heat Wave|p2a: Palafin|[spread] p2a,p2b\n|-resisted|p2a: Palafin\n|-damage|p2a: Palafin|69\/100\n|-damage|p2b: Flutter Mane|48\/100\n|\n|upkeep\n|\n|t:|1681903875\n|switch|p1a: Dachsbun|Dachsbun, L50, F, shiny|100\/100\n|turn|5\n|\n|t:|1681903892\n|detailschange|p2a: Palafin|Palafin-Hero, L50, M\n|switch|p2a: Amoonguss|Amoonguss, L50, M|100\/100\n|move|p2b: Flutter Mane|Moonblast|p1b: Chi-Yu\n|-damage|p1b: Chi-Yu|24\/100\n|-unboost|p1b: Chi-Yu|spa|1\n|move|p1b: Chi-Yu|Heat Wave|p2a: Amoonguss|[spread] p2a,p2b\n|-supereffective|p2a: Amoonguss\n|-damage|p2a: Amoonguss|43\/100\n|-damage|p2b: Flutter Mane|13\/100\n|-enditem|p2a: Amoonguss|Sitrus Berry|[eat]\n|-heal|p2a: Amoonguss|68\/100|[from] item: Sitrus Berry\n|move|p1a: Dachsbun|Body Press|p2b: Flutter Mane\n|-resisted|p2b: Flutter Mane\n|-damage|p2b: Flutter Mane|0 fnt\n|faint|p2b: Flutter Mane\n|-end|p2b: Flutter Mane|Protosynthesis|[silent]\n|\n|upkeep\n|inactive|Battle timer is ON: inactive players will automatically lose when time's up. (requested by 1crit)\n|\n|t:|1681903942\n|switch|p2b: Palafin|Palafin-Hero, L50, M|69\/100\n|-activate|p2b: Palafin|ability: Zero to Hero\n|turn|6\n|inactive|1crit has 30 seconds left.\n|\n|t:|1681903970\n|move|p2b: Palafin|Jet Punch|p1b: Chi-Yu\n|-supereffective|p1b: Chi-Yu\n|-damage|p1b: Chi-Yu|0 fnt\n|faint|p1b: Chi-Yu\n|move|p1a: Dachsbun|Body Press|p2b: Palafin\n|-damage|p2b: Palafin|49\/100\n|move|p2a: Amoonguss|Spore|p1a: Dachsbun\n|-status|p1a: Dachsbun|slp|[from] move: Spore\n|\n|upkeep\n|turn|7\n|\n|t:|1681903975\n|move|p2b: Palafin|Wave Crash|p1a: Dachsbun\n|-damage|p1a: Dachsbun|5\/100 slp\n|-damage|p2b: Palafin|24\/100|[from] Recoil\n|cant|p1a: Dachsbun|slp\n|move|p2a: Amoonguss|Pollen Puff|p2b: Palafin\n|-heal|p2b: Palafin|74\/100\n|\n|-heal|p1a: Dachsbun|11\/100 slp|[from] item: Leftovers\n|upkeep\n|turn|8\n|-message|1crit forfeited.\n|\n|win|haha u rage quit\n|raw|1crit's rating: 1154 → 1125<\/strong> (-29 for losing)\n|raw|haha u rage quit's rating: 1093 → 1124<\/strong> (+31 for winning)\n|l|\u26061crit\n","uploadtime":1681904002,"views":15,"p1id":"1crit","p2id":"hahauragequit","formatid":"gen9vgc2023regulationc","rating":1124,"private":0,"password":""}