{"id":"gen9vgc2023regulationc-1847501020","p1":"JOsuas","p2":"Kammala","format":"[Gen 9] VGC 2023 Regulation C","log":"|j|\u2606JOsuas\n|j|\u2606Kammala\n|t:|1681963319\n|gametype|doubles\n|player|p1|JOsuas|102|1019\n|player|p2|Kammala|102|1093\n|teamsize|p1|6\n|teamsize|p2|6\n|gen|9\n|tier|[Gen 9] VGC 2023 Regulation C\n|rated|\n|rule|Species Clause: Limit one of each Pok\u00e9mon\n|rule|Item Clause: Limit one of each item\n|clearpoke\n|poke|p1|Meowscarada, L50, M|\n|poke|p1|Pelipper, L50, F|\n|poke|p1|Flutter Mane, L50|\n|poke|p1|Baxcalibur, L50, M|\n|poke|p1|Amoonguss, L50, M|\n|poke|p1|Arcanine, L50, F|\n|poke|p2|Azumarill, L50, F|\n|poke|p2|Amoonguss, L50, F|\n|poke|p2|Tauros-Paldea-Blaze, L50, M|\n|poke|p2|Ting-Lu, L50|\n|poke|p2|Baxcalibur, L50, M|\n|poke|p2|Flutter Mane, L50|\n|teampreview|4\n|inactive|Battle timer is ON: inactive players will automatically lose when time's up. (requested by Kammala)\nKammala has agreed to open team sheets.\n|inactive|Kammala has 60 seconds left.\n|\n|t:|1681963377\n|start\n|switch|p1a: Amoonguss|Amoonguss, L50, M|100\/100\n|switch|p1b: Flutter Mane|Flutter Mane, L50|100\/100\n|switch|p2a: Ting-Lu|Ting-Lu, L50|100\/100\n|switch|p2b: Azumarill|Azumarill, L50, F|100\/100\n|-ability|p2a: Ting-Lu|Vessel of Ruin\n|turn|1\n|inactive|JOsuas has 30 seconds left.\n|\n|t:|1681963405\n|switch|p2b: Amoonguss|Amoonguss, L50, F|100\/100\n|move|p1b: Flutter Mane|Dazzling Gleam|p2a: Ting-Lu|[spread] p2a,p2b\n|-supereffective|p2a: Ting-Lu\n|-resisted|p2b: Amoonguss\n|-damage|p2a: Ting-Lu|67\/100\n|-damage|p2b: Amoonguss|91\/100\n|move|p2a: Ting-Lu|Stealth Rock|p1a: Amoonguss\n|-sidestart|p1: JOsuas|move: Stealth Rock\n|move|p1a: Amoonguss|Spore|p2b: Amoonguss\n|-immune|p2b: Amoonguss\n|\n|-heal|p2a: Ting-Lu|73\/100|[from] item: Leftovers\n|upkeep\n|turn|2\n|inactive|JOsuas has 30 seconds left.\n|inactive|Kammala has 30 seconds left.\n|\n|t:|1681963437\n|move|p1b: Flutter Mane|Mystical Fire|p2b: Amoonguss\n|-supereffective|p2b: Amoonguss\n|-damage|p2b: Amoonguss|58\/100\n|-unboost|p2b: Amoonguss|spa|1\n|move|p2a: Ting-Lu|Heavy Slam|p1b: Flutter Mane\n|-supereffective|p1b: Flutter Mane\n|-damage|p1b: Flutter Mane|0 fnt\n|faint|p1b: Flutter Mane\n|-end|p1b: Flutter Mane|Protosynthesis|[silent]\n|move|p1a: Amoonguss|Giga Drain|p2a: Ting-Lu\n|-supereffective|p2a: Ting-Lu\n|-damage|p2a: Ting-Lu|51\/100\n|move|p2b: Amoonguss|Pollen Puff|p1a: Amoonguss\n|-damage|p1a: Amoonguss|93\/100\n|\n|-heal|p2a: Ting-Lu|57\/100|[from] item: Leftovers\n|upkeep\n|\n|t:|1681963462\n|switch|p1b: Pelipper|Pelipper, L50, F|100\/100\n|-damage|p1b: Pelipper|76\/100|[from] Stealth Rock\n|-weather|RainDance|[from] ability: Drizzle|[of] p1b: Pelipper\n|turn|3\n|\n|t:|1681963480\n|switch|p2b: Azumarill|Azumarill, L50, F|100\/100\n|move|p2a: Ting-Lu|Protect|p2a: Ting-Lu\n|-singleturn|p2a: Ting-Lu|Protect\n|move|p1b: Pelipper|Hurricane|p2b: Azumarill\n|-damage|p2b: Azumarill|82\/100\n|move|p1a: Amoonguss|Toxic|p2a: Ting-Lu\n|-activate|p2a: Ting-Lu|move: Protect\n|\n|-weather|RainDance|[upkeep]\n|-heal|p2a: Ting-Lu|63\/100|[from] item: Leftovers\n|upkeep\n|turn|4\n|\n|t:|1681963500\n|-terastallize|p2a: Ting-Lu|Poison\n|move|p1b: Pelipper|Hydro Pump|p2a: Ting-Lu\n|-damage|p2a: Ting-Lu|34\/100\n|move|p2b: Azumarill|Liquidation|p1b: Pelipper\n|-resisted|p1b: Pelipper\n|-damage|p1b: Pelipper|42\/100\n|move|p2a: Ting-Lu|Ruination|p1a: Amoonguss\n|-damage|p1a: Amoonguss|47\/100\n|move|p1a: Amoonguss|Spore|p2b: Azumarill\n|-status|p2b: Azumarill|slp|[from] move: Spore\n|\n|-weather|RainDance|[upkeep]\n|-heal|p2a: Ting-Lu|40\/100|[from] item: Leftovers\n|upkeep\n|turn|5\n|inactive|Kammala has 30 seconds left.\n|\n|t:|1681963525\n|move|p1b: Pelipper|Hurricane|p2b: Azumarill\n|-damage|p2b: Azumarill|64\/100 slp\n|-start|p2b: Azumarill|confusion\n|cant|p2b: Azumarill|slp\n|move|p2a: Ting-Lu|Ruination|p1a: Amoonguss\n|-damage|p1a: Amoonguss|24\/100\n|move|p1a: Amoonguss|Spore|p2a: Ting-Lu\n|-status|p2a: Ting-Lu|slp|[from] move: Spore\n|\n|-weather|RainDance|[upkeep]\n|-heal|p2a: Ting-Lu|46\/100 slp|[from] item: Leftovers\n|upkeep\n|turn|6\n|\n|t:|1681963548\n|switch|p1a: Meowscarada|Meowscarada, L50, M|100\/100\n|-damage|p1a: Meowscarada|88\/100|[from] Stealth Rock\n|move|p1b: Pelipper|Hurricane|p2a: Ting-Lu\n|-damage|p2a: Ting-Lu|27\/100 slp\n|cant|p2b: Azumarill|slp\n|cant|p2a: Ting-Lu|slp\n|\n|-weather|RainDance|[upkeep]\n|-heal|p2a: Ting-Lu|33\/100 slp|[from] item: Leftovers\n|upkeep\n|turn|7\n|\n|t:|1681963568\n|-curestatus|p2a: Ting-Lu|slp|[msg]\n|move|p2a: Ting-Lu|Protect|p2a: Ting-Lu\n|-singleturn|p2a: Ting-Lu|Protect\n|cant|p2b: Azumarill|slp\n|move|p1a: Meowscarada|Flower Trick|p2b: Azumarill\n|-supereffective|p2b: Azumarill\n|-crit|p2b: Azumarill\n|-damage|p2b: Azumarill|0 fnt\n|faint|p2b: Azumarill\n|move|p1b: Pelipper|Hydro Pump|p2a: Ting-Lu\n|-activate|p2a: Ting-Lu|move: Protect\n|\n|-weather|RainDance|[upkeep]\n|-heal|p2a: Ting-Lu|39\/100|[from] item: Leftovers\n|upkeep\n|\n|t:|1681963580\n|switch|p2b: Amoonguss|Amoonguss, L50, F|91\/100\n|turn|8\n|\n|t:|1681963595\n|move|p1a: Meowscarada|Flower Trick|p2a: Ting-Lu\n|-resisted|p2a: Ting-Lu\n|-crit|p2a: Ting-Lu\n|-damage|p2a: Ting-Lu|22\/100\n|move|p1b: Pelipper|Hurricane|p2b: Amoonguss\n|-supereffective|p2b: Amoonguss\n|-damage|p2b: Amoonguss|47\/100\n|-enditem|p2b: Amoonguss|Sitrus Berry|[eat]\n|-heal|p2b: Amoonguss|72\/100|[from] item: Sitrus Berry\n|move|p2a: Ting-Lu|Ruination|p1b: Pelipper\n|-damage|p1b: Pelipper|21\/100\n|move|p2b: Amoonguss|Pollen Puff|p1a: Meowscarada\n|-supereffective|p1a: Meowscarada\n|-damage|p1a: Meowscarada|1\/100\n|\n|-weather|RainDance|[upkeep]\n|-heal|p2a: Ting-Lu|29\/100|[from] item: Leftovers\n|upkeep\n|turn|9\n|\n|t:|1681963616\n|move|p2a: Ting-Lu|Protect|p2a: Ting-Lu\n|-singleturn|p2a: Ting-Lu|Protect\n|move|p1a: Meowscarada|Knock Off|p2a: Ting-Lu\n|-activate|p2a: Ting-Lu|move: Protect\n|move|p1b: Pelipper|Hurricane|p2b: Amoonguss\n|-supereffective|p2b: Amoonguss\n|-damage|p2b: Amoonguss|26\/100\n|move|p2b: Amoonguss|Pollen Puff|p1a: Meowscarada\n|-supereffective|p1a: Meowscarada\n|-damage|p1a: Meowscarada|0 fnt\n|faint|p1a: Meowscarada\n|\n|-weather|RainDance|[upkeep]\n|-heal|p2a: Ting-Lu|35\/100|[from] item: Leftovers\n|upkeep\n|\n|t:|1681963630\n|switch|p1a: Amoonguss|Amoonguss, L50, M|57\/100\n|-damage|p1a: Amoonguss|44\/100|[from] Stealth Rock\n|turn|10\n|inactive|JOsuas has 30 seconds left.\n|\n|t:|1681963658\n|move|p2a: Ting-Lu|Protect||[still]\n|-fail|p2a: Ting-Lu\n|move|p2b: Amoonguss|Protect|p2b: Amoonguss\n|-singleturn|p2b: Amoonguss|Protect\n|move|p1a: Amoonguss|Rage Powder|p1a: Amoonguss\n|-singleturn|p1a: Amoonguss|move: Rage Powder\n|move|p1b: Pelipper|Hurricane|p2b: Amoonguss\n|-activate|p2b: Amoonguss|move: Protect\n|\n|-weather|none\n|-heal|p2a: Ting-Lu|41\/100|[from] item: Leftovers\n|upkeep\n|turn|11\n|\n|t:|1681963674\n|move|p1a: Amoonguss|Rage Powder|p1a: Amoonguss\n|-singleturn|p1a: Amoonguss|move: Rage Powder\n|move|p1b: Pelipper|Hurricane|p2b: Amoonguss\n|-supereffective|p2b: Amoonguss\n|-damage|p2b: Amoonguss|0 fnt\n|faint|p2b: Amoonguss\n|move|p2a: Ting-Lu|Ruination|p1a: Amoonguss\n|-damage|p1a: Amoonguss|23\/100\n|\n|-heal|p2a: Ting-Lu|47\/100|[from] item: Leftovers\n|upkeep\n|\n|t:|1681963679\n|switch|p2b: Flutter Mane|Flutter Mane, L50|100\/100\n|-enditem|p2b: Flutter Mane|Booster Energy\n|-activate|p2b: Flutter Mane|ability: Protosynthesis|[fromitem]\n|-start|p2b: Flutter Mane|protosynthesisspa\n|turn|12\n|\n|t:|1681963693\n|move|p2b: Flutter Mane|Shadow Ball|p1a: Amoonguss\n|-damage|p1a: Amoonguss|0 fnt\n|faint|p1a: Amoonguss\n|move|p1b: Pelipper|Hydro Pump|p2a: Ting-Lu\n|-damage|p2a: Ting-Lu|28\/100\n|move|p2a: Ting-Lu|Heavy Slam|p1b: Pelipper\n|-resisted|p1b: Pelipper\n|-damage|p1b: Pelipper|3\/100\n|\n|-heal|p2a: Ting-Lu|34\/100|[from] item: Leftovers\n|upkeep\n|turn|13\n|\n|t:|1681963705\n|move|p1b: Pelipper|Protect|p1b: Pelipper\n|-singleturn|p1b: Pelipper|Protect\n|move|p2b: Flutter Mane|Moonblast|p1b: Pelipper\n|-activate|p1b: Pelipper|move: Protect\n|move|p2a: Ting-Lu|Heavy Slam|p1b: Pelipper\n|-activate|p1b: Pelipper|move: Protect\n|\n|-heal|p2a: Ting-Lu|40\/100|[from] item: Leftovers\n|upkeep\n|turn|14\n|\n|t:|1681963714\n|move|p1b: Pelipper|Protect||[still]\n|-fail|p1b: Pelipper\n|move|p2b: Flutter Mane|Moonblast|p1b: Pelipper\n|-damage|p1b: Pelipper|0 fnt\n|faint|p1b: Pelipper\n|\n|win|Kammala\n|raw|JOsuas's rating: 1019 → 1009<\/strong> (-10 for losing)\n|raw|Kammala's rating: 1093 → 1114<\/strong> (+21 for winning)\n|c|\u2606Kammala|For why\n","uploadtime":1681963724,"views":9,"p1id":"josuas","p2id":"kammala","formatid":"gen9vgc2023regulationc","rating":1009,"private":0,"password":""}