{"id":"gen9vgc2023regulationc-1850375581","p1":"Chicaino 2","p2":"marioman6444","format":"[Gen 9] VGC 2023 Regulation C","log":"|j|\u2606Chicaino 2\n|j|\u2606marioman6444\n|t:|1682327182\n|gametype|doubles\n|player|p1|Chicaino 2|gambler|1198\n|player|p2|marioman6444|hoopster|1112\n|teamsize|p1|6\n|teamsize|p2|6\n|gen|9\n|tier|[Gen 9] VGC 2023 Regulation C\n|rated|\n|rule|Species Clause: Limit one of each Pok\u00e9mon\n|rule|Item Clause: Limit one of each item\n|clearpoke\n|poke|p1|Breloom, L50, M|\n|poke|p1|Garchomp, L50, F|\n|poke|p1|Hydreigon, L50, F|\n|poke|p1|Arcanine, L50, F|\n|poke|p1|Gholdengo, L50|\n|poke|p1|Murkrow, L50, M|\n|poke|p2|Murkrow, L50, F|\n|poke|p2|Gyarados, L50, M|\n|poke|p2|Flutter Mane, L50|\n|poke|p2|Tsareena, L50, F|\n|poke|p2|Roaring Moon, L50|\n|poke|p2|Ting-Lu, L50|\n|teampreview|4\n|inactive|Battle timer is ON: inactive players will automatically lose when time's up. (requested by Chicaino 2)\nmarioman6444 rejected open team sheets.\n|inactive|marioman6444 has 60 seconds left.\n|\n|t:|1682327246\n|start\n|switch|p1a: Arcanine|Arcanine, L50, F|100\/100\n|switch|p1b: Murkrow|Murkrow, L50, M|100\/100\n|switch|p2a: Knight|Gyarados, L50, M, shiny|100\/100\n|switch|p2b: Queen|Tsareena, L50, F, shiny|100\/100\n|-ability|p1a: Arcanine|Intimidate|boost\n|-unboost|p2a: Knight|atk|1\n|-unboost|p2b: Queen|atk|1\n|-ability|p2a: Knight|Intimidate|boost\n|-unboost|p1a: Arcanine|atk|1\n|-unboost|p1b: Murkrow|atk|1\n|turn|1\n|\n|t:|1682327259\n|move|p1a: Arcanine|Protect|p1a: Arcanine\n|-singleturn|p1a: Arcanine|Protect\n|move|p2b: Queen|Protect|p2b: Queen\n|-singleturn|p2b: Queen|Protect\n|move|p1b: Murkrow|Foul Play|p2a: Knight\n|-crit|p2a: Knight\n|-damage|p2a: Knight|38\/100\n|move|p2a: Knight|Thunder Wave|p1a: Arcanine\n|-activate|p1a: Arcanine|move: Protect\n|\n|upkeep\n|turn|2\n|\n|t:|1682327283\n|-terastallize|p2b: Queen|Fire\n|move|p1b: Murkrow|Taunt||[still]\n|cant|p2b: Queen|ability: Queenly Majesty|Taunt|[of] p1b: Murkrow\n|move|p1a: Arcanine|Will-O-Wisp|p2a: Knight|[miss]\n|-miss|p1a: Arcanine|p2a: Knight\n|move|p2a: Knight|Waterfall|p1a: Arcanine\n|-supereffective|p1a: Arcanine\n|-damage|p1a: Arcanine|43\/100\n|-enditem|p1a: Arcanine|Sitrus Berry|[eat]\n|-heal|p1a: Arcanine|68\/100|[from] item: Sitrus Berry\n|move|p2b: Queen|High Jump Kick|p1a: Arcanine\n|-damage|p1a: Arcanine|33\/100\n|\n|upkeep\n|turn|3\n|inactive|Chicaino 2 has 30 seconds left.\n|inactive|marioman6444 has 30 seconds left.\n|inactive|marioman6444 has 20 seconds left.\n|\n|t:|1682327321\n|move|p1a: Arcanine|Protect|p1a: Arcanine\n|-singleturn|p1a: Arcanine|Protect\n|move|p1b: Murkrow|Tailwind|p1b: Murkrow\n|-sidestart|p1: Chicaino 2|move: Tailwind\n|move|p2a: Knight|Waterfall|p1a: Arcanine\n|-activate|p1a: Arcanine|move: Protect\n|move|p2b: Queen|Tera Blast|p1b: Murkrow\n|-damage|p1b: Murkrow|66\/100\n|\n|upkeep\n|turn|4\n|\n|t:|1682327342\n|move|p1a: Arcanine|Will-O-Wisp|p2a: Knight\n|-status|p2a: Knight|brn\n|move|p1b: Murkrow|Foul Play|p2b: Queen\n|-damage|p2b: Queen|63\/100\n|move|p2a: Knight|Waterfall|p1a: Arcanine\n|-supereffective|p1a: Arcanine\n|-damage|p1a: Arcanine|2\/100\n|move|p2b: Queen|Tera Blast|p1b: Murkrow\n|-damage|p1b: Murkrow|33\/100\n|\n|-damage|p2a: Knight|32\/100 brn|[from] brn\n|upkeep\n|turn|5\n|inactive|Chicaino 2 has 30 seconds left.\n|inactive|marioman6444 has 30 seconds left.\n|\n|t:|1682327369\n|move|p1a: Arcanine|Extreme Speed||[still]\n|cant|p2b: Queen|ability: Queenly Majesty|Extreme Speed|[of] p1a: Arcanine\n|move|p1b: Murkrow|Foul Play|p2b: Queen\n|-damage|p2b: Queen|29\/100\n|move|p2a: Knight|Icy Wind|p1a: Arcanine|[spread] p1a,p1b\n|-resisted|p1a: Arcanine\n|-supereffective|p1b: Murkrow\n|-damage|p1a: Arcanine|0 fnt\n|-damage|p1b: Murkrow|21\/100\n|-unboost|p1b: Murkrow|spe|1\n|faint|p1a: Arcanine\n|move|p2b: Queen|Tera Blast|p1b: Murkrow\n|-damage|p1b: Murkrow|0 fnt\n|faint|p1b: Murkrow\n|\n|-damage|p2a: Knight|26\/100 brn|[from] brn\n|upkeep\n|\n|t:|1682327379\n|switch|p1a: Garchomp|Garchomp, L50, F|100\/100\n|switch|p1b: Breloom|Breloom, L50, M|100\/100\n|turn|6\n|\n|t:|1682327395\n|move|p2b: Queen|Protect|p2b: Queen\n|-singleturn|p2b: Queen|Protect\n|move|p1a: Garchomp|Swords Dance|p1a: Garchomp\n|-boost|p1a: Garchomp|atk|2\n|move|p1b: Breloom|Spore|p2b: Queen\n|-activate|p2b: Queen|move: Protect\n|move|p2a: Knight|Thunder Wave|p1b: Breloom|[miss]\n|-miss|p2a: Knight|p1b: Breloom\n|\n|-damage|p2a: Knight|20\/100 brn|[from] brn\n|-sideend|p1: Chicaino 2|move: Tailwind\n|upkeep\n|turn|7\n|inactive|marioman6444 has 30 seconds left.\n|\n|t:|1682327420\n|move|p1b: Breloom|Mach Punch||[still]\n|cant|p2b: Queen|ability: Queenly Majesty|Mach Punch|[of] p1b: Breloom\n|move|p1a: Garchomp|Swords Dance|p1a: Garchomp\n|-boost|p1a: Garchomp|atk|2\n|move|p2a: Knight|Icy Wind|p1b: Breloom|[spread] p1a,p1b\n|-supereffective|p1a: Garchomp\n|-supereffective|p1b: Breloom\n|-damage|p1a: Garchomp|72\/100\n|-damage|p1b: Breloom|80\/100\n|-unboost|p1b: Breloom|spe|1\n|move|p2b: Queen|Tera Blast|p1b: Breloom\n|-supereffective|p1b: Breloom\n|-damage|p1b: Breloom|0 fnt\n|faint|p1b: Breloom\n|\n|-damage|p2a: Knight|14\/100 brn|[from] brn\n|upkeep\n|turn|8\n|inactive|marioman6444 has 30 seconds left.\n|inactive|marioman6444 has 20 seconds left.\n|\n|t:|1682327458\n|switch|p2b: Rook|Ting-Lu, L50|100\/100\n|-ability|p2b: Rook|Vessel of Ruin\n|move|p1a: Garchomp|Dragon Claw|p2b: Rook\n|-damage|p2b: Rook|35\/100\n|move|p2a: Knight|Icy Wind|p1a: Garchomp\n|-supereffective|p1a: Garchomp\n|-damage|p1a: Garchomp|46\/100\n|\n|-heal|p2b: Rook|41\/100|[from] item: Leftovers\n|-damage|p2a: Knight|8\/100 brn|[from] brn\n|upkeep\n|turn|9\n|\n|t:|1682327480\n|move|p1a: Garchomp|Protect|p1a: Garchomp\n|-singleturn|p1a: Garchomp|Protect\n|move|p2a: Knight|Icy Wind|p1a: Garchomp\n|-activate|p1a: Garchomp|move: Protect\n|move|p2b: Rook|Ruination|p1a: Garchomp\n|-activate|p1a: Garchomp|move: Protect\n|\n|-heal|p2b: Rook|47\/100|[from] item: Leftovers\n|-damage|p2a: Knight|2\/100 brn|[from] brn\n|upkeep\n|turn|10\n|\n|t:|1682327497\n|-terastallize|p1a: Garchomp|Ground\n|move|p1a: Garchomp|Dragon Claw|p2b: Rook\n|-damage|p2b: Rook|0 fnt\n|faint|p2b: Rook\n|move|p2a: Knight|Icy Wind|p1a: Garchomp\n|-supereffective|p1a: Garchomp\n|-crit|p1a: Garchomp\n|-damage|p1a: Garchomp|19\/100\n|\n|-damage|p2a: Knight|0 fnt|[from] brn\n|faint|p2a: Knight\n|upkeep\n|\n|t:|1682327505\n|switch|p2a: Pawn|Murkrow, L50, F, shiny|100\/100\n|switch|p2b: Queen|Tsareena, L50, F, shiny, tera:Fire|29\/100\n|turn|11\n|\n|t:|1682327518\n|move|p1a: Garchomp|Dragon Claw|p2a: Pawn\n|-damage|p2a: Pawn|0 fnt\n|faint|p2a: Pawn\n|move|p2b: Queen|Power Whip|p1a: Garchomp\n|-supereffective|p1a: Garchomp\n|-damage|p1a: Garchomp|0 fnt\n|-damage|p2b: Queen|17\/100|[from] ability: Rough Skin|[of] p1a: Garchomp\n|faint|p1a: Garchomp\n|\n|win|marioman6444\n|raw|Chicaino 2's rating: 1198 → 1167<\/strong> (-31 for losing)\n|raw|marioman6444's rating: 1112 → 1143<\/strong> (+31 for winning)\n|l|\u2606Chicaino 2\n|c|\u2606marioman6444|gg\n","uploadtime":1682327529,"views":21,"p1id":"chicaino2","p2id":"marioman6444","formatid":"gen9vgc2023regulationc","rating":1143,"private":0,"password":""}