{"id":"gen9vgc2023regulationc-1851658538","p1":"YGO_better","p2":"Dragonitekid157","format":"[Gen 9] VGC 2023 Regulation C","log":"|j|\u2606YGO_better\n|j|\u2606Dragonitekid157\n|t:|1682466541\n|gametype|doubles\n|player|p1|YGO_better|101|\n|player|p2|Dragonitekid157|2|\n|teamsize|p1|6\n|teamsize|p2|6\n|gen|9\n|tier|[Gen 9] VGC 2023 Regulation C\n|rule|Species Clause: Limit one of each Pok\u00e9mon\n|rule|Item Clause: Limit one of each item\n|clearpoke\n|poke|p1|Iron Moth, L50|\n|poke|p1|Vaporeon, L50, M|\n|poke|p1|Sylveon, L50, F|\n|poke|p1|Torkoal, L50, F|\n|poke|p1|Dragapult, L50, F|\n|poke|p1|Cyclizar, L50, F|\n|poke|p2|Pelipper, L50, F|\n|poke|p2|Floatzel, L50, M|\n|poke|p2|Raichu, L50, F|\n|poke|p2|Coalossal, L50, M|\n|poke|p2|Breloom, L50, M|\n|poke|p2|Rotom, L50|\n|teampreview|4\n|c|\u2606YGO_better|G2\n|\n|t:|1682466837\n|start\n|switch|p1a: Abyssmegalo|Vaporeon, L50, M, shiny|100\/100\n|switch|p1b: Vrum|Cyclizar, L50, F|100\/100\n|switch|p2a: Breloom|Breloom, L50, M, shiny|100\/100\n|switch|p2b: Floatzel|Floatzel, L50, M|100\/100\n|turn|1\n|\n|t:|1682466898\n|switch|p2b: Raichu|Raichu, L50, F|100\/100\n|move|p2a: Breloom|Mach Punch|p1b: Vrum\n|-supereffective|p1b: Vrum\n|-damage|p1b: Vrum|12\/100\n|move|p1b: Vrum|Shed Tail|p1b: Vrum\n|-fail|p1b: Vrum|move: Shed Tail|[weak]\n|move|p1a: Abyssmegalo|Yawn|p2b: Raichu\n|-start|p2b: Raichu|move: Yawn|[of] p1a: Abyssmegalo\n|\n|upkeep\n|turn|2\n|\n|t:|1682466919\n|switch|p1b: Ghost Trick|Dragapult, L50, F|100\/100\n|move|p2b: Raichu|Fake Out|p1a: Abyssmegalo\n|-damage|p1a: Abyssmegalo|89\/100\n|move|p2a: Breloom|Mach Punch|p1b: Ghost Trick\n|-immune|p1b: Ghost Trick\n|cant|p1a: Abyssmegalo|flinch\n|\n|-heal|p1a: Abyssmegalo|95\/100|[from] item: Leftovers\n|-end|p2b: Raichu|move: Yawn|[silent]\n|-status|p2b: Raichu|slp\n|upkeep\n|turn|3\n|\n|t:|1682466960\n|move|p1b: Ghost Trick|Dragon Darts|p2a: Breloom\n|-damage|p2a: Breloom|62\/100\n|-anim|p1b: Ghost Trick|Dragon Darts|p2b: Raichu\n|-damage|p2b: Raichu|42\/100 slp\n|cant|p2b: Raichu|slp\n|move|p2a: Breloom|Spore|p1b: Ghost Trick\n|-status|p1b: Ghost Trick|slp|[from] move: Spore\n|move|p1a: Abyssmegalo|Muddy Water|p2b: Raichu|[spread] p2a,p2b\n|-resisted|p2a: Breloom\n|-damage|p2a: Breloom|36\/100\n|-damage|p2b: Raichu|15\/100 slp\n|-unboost|p2a: Breloom|accuracy|1\n|\n|-heal|p1a: Abyssmegalo|100\/100|[from] item: Leftovers\n|upkeep\n|turn|4\n|\n|t:|1682466985\n|switch|p2b: Pelipper|Pelipper, L50, F|100\/100\n|-weather|RainDance|[from] ability: Drizzle|[of] p2b: Pelipper\n|cant|p1b: Ghost Trick|slp\n|move|p2a: Breloom|Bullet Seed|p1a: Abyssmegalo|[miss]\n|-miss|p2a: Breloom|p1a: Abyssmegalo\n|move|p1a: Abyssmegalo|Muddy Water|p2b: Pelipper|[spread] p2a,p2b\n|-resisted|p2a: Breloom\n|-resisted|p2b: Pelipper\n|-damage|p2a: Breloom|0 fnt\n|-damage|p2b: Pelipper|72\/100\n|faint|p2a: Breloom\n|\n|-weather|RainDance|[upkeep]\n|upkeep\n|\n|t:|1682466987\n|switch|p2a: Floatzel|Floatzel, L50, M|100\/100\n|turn|5\n|c|\u2606Dragonitekid157|Bruh\n|c|\u2606YGO_better|ah yess, drizzle for my muddy water\n|c|\u2606Dragonitekid157|Out of all times for bullet seed to miss\n|\n|t:|1682467027\n|move|p2b: Pelipper|Helping Hand|p2a: Floatzel\n|-singleturn|p2a: Floatzel|Helping Hand|[of] p2b: Pelipper\n|move|p2a: Floatzel|Crunch|p1a: Abyssmegalo\n|-crit|p1a: Abyssmegalo\n|-damage|p1a: Abyssmegalo|0 fnt\n|faint|p1a: Abyssmegalo\n|cant|p1b: Ghost Trick|slp\n|\n|-weather|RainDance|[upkeep]\n|upkeep\n|c|\u2606Dragonitekid157|Nice try\n|\n|t:|1682467039\n|switch|p1a: Vrum|Cyclizar, L50, F|46\/100\n|turn|6\n|\n|t:|1682467049\n|move|p2a: Floatzel|Crunch|p1b: Ghost Trick\n|-supereffective|p1b: Ghost Trick\n|-damage|p1b: Ghost Trick|0 fnt\n|faint|p1b: Ghost Trick\n|move|p1a: Vrum|Thunderbolt|p2b: Pelipper\n|-supereffective|p2b: Pelipper\n|-damage|p2b: Pelipper|0 fnt\n|faint|p2b: Pelipper\n|\n|-weather|RainDance|[upkeep]\n|upkeep\n|\n|t:|1682467058\n|switch|p1b: Evotile|Torkoal, L50, F|100\/100\n|switch|p2b: Raichu|Raichu, L50, F|15\/100 slp\n|-weather|SunnyDay|[from] ability: Drought|[of] p1b: Evotile\n|turn|7\n|\n|t:|1682467080\n|-terastallize|p2a: Floatzel|Water\n|move|p1b: Evotile|Protect|p1b: Evotile\n|-singleturn|p1b: Evotile|Protect\n|move|p1a: Vrum|Thunderbolt|p2b: Raichu\n|-activate|p2b: Raichu|ability: Lightning Rod\n|-ability|p2b: Raichu|Lightning Rod|boost\n|-boost|p2b: Raichu|spa|1\n|cant|p2b: Raichu|slp\n|move|p2a: Floatzel|Crunch|p1a: Vrum\n|-damage|p1a: Vrum|0 fnt\n|faint|p1a: Vrum\n|\n|-weather|SunnyDay|[upkeep]\n|upkeep\n|turn|8\n|\n|t:|1682467096\n|-curestatus|p2b: Raichu|slp|[msg]\n|move|p2b: Raichu|Nuzzle|p1b: Evotile\n|-damage|p1b: Evotile|95\/100\n|-status|p1b: Evotile|par\n|move|p2a: Floatzel|Crunch|p1b: Evotile\n|-damage|p1b: Evotile|63\/100 par\n|move|p1b: Evotile|Eruption|p2b: Raichu|[spread] p2a,p2b\n|-resisted|p2a: Floatzel\n|-crit|p2a: Floatzel\n|-damage|p2a: Floatzel|25\/100\n|-damage|p2b: Raichu|0 fnt\n|faint|p2b: Raichu\n|\n|-weather|SunnyDay|[upkeep]\n|upkeep\n|turn|9\n|\n|t:|1682467107\n|move|p2a: Floatzel|Crunch|p1b: Evotile\n|-damage|p1b: Evotile|33\/100 par\n|-unboost|p1b: Evotile|def|1\n|move|p1b: Evotile|Heat Wave|p2a: Floatzel\n|-resisted|p2a: Floatzel\n|-damage|p2a: Floatzel|0 fnt\n|faint|p2a: Floatzel\n|\n|win|YGO_better\n|c|\u2606YGO_better|gg\n|l|\u2606Dragonitekid157\n","uploadtime":1682467137,"views":25,"p1id":"ygobetter","p2id":"dragonitekid157","formatid":"gen9vgc2023regulationc","rating":0,"private":0,"password":""}