{"id":"gen9vgc2023regulationc-1860838960","p1":"BurkeDoingWork","p2":"Count Sliggoo","format":"[Gen 9] VGC 2023 Regulation C","log":"|j|\u2606BurkeDoingWork\n|j|\u2606Count Sliggoo\n|t:|1683684169\n|gametype|doubles\n|player|p1|BurkeDoingWork|pokemonbreeder-gen4|1195\n|player|p2|Count Sliggoo|ruinmaniac-gen3rs|1250\n|teamsize|p1|6\n|teamsize|p2|6\n|gen|9\n|tier|[Gen 9] VGC 2023 Regulation C\n|rated|\n|rule|Species Clause: Limit one of each Pok\u00e9mon\n|rule|Item Clause: Limit one of each item\n|clearpoke\n|poke|p1|Chi-Yu, L50|\n|poke|p1|Flutter Mane, L50|\n|poke|p1|Hydreigon, L50, M|\n|poke|p1|Talonflame, L50, M|\n|poke|p1|Great Tusk, L50|\n|poke|p1|Tyranitar, L50, M|\n|poke|p2|Chien-Pao, L50|\n|poke|p2|Ting-Lu, L50|\n|poke|p2|Flutter Mane, L50|\n|poke|p2|Arcanine, L50, M|\n|poke|p2|Maushold-Four, L50|\n|poke|p2|Corviknight, L50, M|\n|teampreview|4\nCount Sliggoo rejected open team sheets.\n|c|\u2606BurkeDoingWork|cool team\n|c|\u2606Count Sliggoo|Thank you. Yours looks quite original.\n|\n|t:|1683684270\n|start\n|switch|p1a: Ghetsis|Hydreigon, L50, M, shiny|100\/100\n|switch|p1b: GreatBallOfFire|Chi-Yu, L50|100\/100\n|switch|p2a: Ti-Lung|Chien-Pao, L50|100\/100\n|switch|p2b: Pack Tactics|Maushold-Four, L50|100\/100\n|-ability|p2a: Ti-Lung|Sword of Ruin\n|-ability|p1b: GreatBallOfFire|Beads of Ruin\n|turn|1\n|\n|t:|1683684331\n|switch|p2a: Dolor|Ting-Lu, L50|100\/100\n|-ability|p2a: Dolor|Vessel of Ruin\n|-terastallize|p1a: Ghetsis|Poison\n|move|p1b: GreatBallOfFire|Heat Wave|p2a: Dolor|[spread] p2a,p2b\n|-damage|p2a: Dolor|88\/100\n|-damage|p2b: Pack Tactics|59\/100\n|move|p1a: Ghetsis|Draco Meteor|p2b: Pack Tactics\n|-damage|p2b: Pack Tactics|0 fnt\n|-unboost|p1a: Ghetsis|spa|2\n|faint|p2b: Pack Tactics\n|\n|upkeep\n|c|\u2606Count Sliggoo|Tera poison Hydreigon is cool.\n|\n|t:|1683684368\n|switch|p2b: Corviknight|Corviknight, L50, M, shiny|100\/100\n|turn|2\n|\n|t:|1683684413\n|switch|p1a: Evice|Tyranitar, L50, M, shiny|100\/100\n|-weather|Sandstorm|[from] ability: Sand Stream|[of] p1a: Evice\n|-terastallize|p2b: Corviknight|Dragon\n|move|p1b: GreatBallOfFire|Heat Wave|p2b: Corviknight|[spread] p2a,p2b\n|-resisted|p2b: Corviknight\n|-damage|p2a: Dolor|72\/100\n|-damage|p2b: Corviknight|80\/100\n|-status|p2b: Corviknight|brn\n|move|p2b: Corviknight|Brave Bird|p1a: Evice\n|-resisted|p1a: Evice\n|-crit|p1a: Evice\n|-damage|p1a: Evice|77\/100\n|-damage|p2b: Corviknight|71\/100 brn|[from] Recoil\n|move|p2a: Dolor|Stomping Tantrum|p1b: GreatBallOfFire\n|-supereffective|p1b: GreatBallOfFire\n|-damage|p1b: GreatBallOfFire|0 fnt\n|faint|p1b: GreatBallOfFire\n|\n|-weather|Sandstorm|[upkeep]\n|-damage|p2b: Corviknight|65\/100 brn|[from] Sandstorm\n|-damage|p2b: Corviknight|60\/100 brn|[from] brn\n|upkeep\n|\n|t:|1683684432\n|switch|p1b: Big Show|Great Tusk, L50|100\/100\n|turn|3\n|\n|t:|1683684474\n|move|p1b: Big Show|Headlong Rush|p2b: Corviknight\n|-damage|p2b: Corviknight|0 fnt\n|-unboost|p1b: Big Show|def|1\n|-unboost|p1b: Big Show|spd|1\n|faint|p2b: Corviknight\n|move|p1a: Evice|Low Kick|p2a: Dolor\n|-supereffective|p2a: Dolor\n|-damage|p2a: Dolor|13\/100\n|move|p2a: Dolor|Stone Edge|p1a: Evice\n|-damage|p1a: Evice|53\/100\n|\n|-weather|Sandstorm|[upkeep]\n|upkeep\n|\n|t:|1683684485\n|switch|p2b: Ti-Lung|Chien-Pao, L50|100\/100\n|-ability|p2b: Ti-Lung|Sword of Ruin\n|turn|4\n|\n|t:|1683684507\n|move|p2b: Ti-Lung|Ice Spinner|p1b: Big Show\n|-supereffective|p1b: Big Show\n|-enditem|p1b: Big Show|Focus Sash\n|-damage|p1b: Big Show|1\/100\n|move|p1b: Big Show|Close Combat|p2b: Ti-Lung\n|-supereffective|p2b: Ti-Lung\n|-enditem|p2b: Ti-Lung|Focus Sash\n|-damage|p2b: Ti-Lung|1\/100\n|-unboost|p1b: Big Show|def|1\n|-unboost|p1b: Big Show|spd|1\n|move|p1a: Evice|Low Kick|p2b: Ti-Lung\n|-supereffective|p2b: Ti-Lung\n|-damage|p2b: Ti-Lung|0 fnt\n|faint|p2b: Ti-Lung\n|move|p2a: Dolor|Stomping Tantrum|p1a: Evice\n|-supereffective|p1a: Evice\n|-damage|p1a: Evice|0 fnt\n|faint|p1a: Evice\n|\n|-weather|Sandstorm|[upkeep]\n|upkeep\n|\n|t:|1683684523\n|switch|p1a: Ghetsis|Hydreigon, L50, M, shiny, tera:Poison|100\/100\n|turn|5\n|\n|t:|1683684538\n|move|p1a: Ghetsis|Tera Blast|p2a: Dolor\n|-resisted|p2a: Dolor\n|-damage|p2a: Dolor|7\/100\n|move|p1b: Big Show|Close Combat|p2a: Dolor\n|-supereffective|p2a: Dolor\n|-damage|p2a: Dolor|0 fnt\n|-unboost|p1b: Big Show|def|1\n|-unboost|p1b: Big Show|spd|1\n|faint|p2a: Dolor\n|\n|win|BurkeDoingWork\n|raw|BurkeDoingWork's rating: 1195 → 1224<\/strong> (+29 for winning)\n|raw|Count Sliggoo's rating: 1250 → 1221<\/strong> (-29 for losing)\n|c|\u2606BurkeDoingWork|GG\n|c|\u2606Count Sliggoo|Gg.\n","uploadtime":1683684548,"views":10,"p1id":"burkedoingwork","p2id":"countsliggoo","formatid":"gen9vgc2023regulationc","rating":1221,"private":0,"password":""}