{"id":"gen9vgc2023regulationc-1848289069","p1":"superseriousboi","p2":"jAMES12D","format":"[Gen 9] VGC 2023 Regulation C","log":"|j|\u2606superseriousboi\n|j|\u2606jAMES12D\n|t:|1682054304\n|gametype|doubles\n|player|p1|superseriousboi|102|1121\n|player|p2|jAMES12D|101|1094\n|teamsize|p1|6\n|teamsize|p2|6\n|gen|9\n|tier|[Gen 9] VGC 2023 Regulation C\n|rated|\n|rule|Species Clause: Limit one of each Pok\u00e9mon\n|rule|Item Clause: Limit one of each item\n|clearpoke\n|poke|p1|Lucario, L50, F|\n|poke|p1|Maushold, L50|\n|poke|p1|Grimmsnarl, L50, M|\n|poke|p1|Chi-Yu, L50|\n|poke|p1|Flutter Mane, L50|\n|poke|p1|Iron Bundle, L50|\n|poke|p2|Meowscarada, L50, M|\n|poke|p2|Flutter Mane, L50|\n|poke|p2|Armarouge, L50, M|\n|poke|p2|Indeedee-F, L50, F|\n|poke|p2|Gholdengo, L50|\n|poke|p2|Palafin, L50, M|\n|teampreview|4\nsuperseriousboi has agreed to open team sheets.\n|c|\u2606superseriousboi|gl hf\n|inactive|Battle timer is ON: inactive players will automatically lose when time's up. (requested by jAMES12D)\njAMES12D has agreed to open team sheets.\n|\n|t:|1682054367\n|start\n|switch|p1a: Grimmsnarl|Grimmsnarl, L50, M|100\/100\n|switch|p1b: Chi-Yu|Chi-Yu, L50|100\/100\n|switch|p2a: Palafin|Palafin, L50, M, shiny|100\/100\n|switch|p2b: Meowscarada|Meowscarada, L50, M|100\/100\n|-ability|p1b: Chi-Yu|Beads of Ruin\n|turn|1\n|inactive|superseriousboi has 30 seconds left.\n|inactive|jAMES12D has 30 seconds left.\n|\n|t:|1682054397\n|-terastallize|p2a: Palafin|Water\n|move|p1b: Chi-Yu|Protect|p1b: Chi-Yu\n|-singleturn|p1b: Chi-Yu|Protect\n|move|p1a: Grimmsnarl|Fake Tears|p2a: Palafin\n|-unboost|p2a: Palafin|spd|2\n|move|p2b: Meowscarada|U-turn|p1b: Chi-Yu\n|-activate|p1b: Chi-Yu|move: Protect\n|move|p2a: Palafin|Wave Crash|p1b: Chi-Yu\n|-activate|p1b: Chi-Yu|move: Protect\n|\n|upkeep\n|turn|2\n|inactive|superseriousboi has 30 seconds left.\n|\n|t:|1682054423\n|switch|p1b: Iron Bundle|Iron Bundle, L50|100\/100\n|-enditem|p1b: Iron Bundle|Booster Energy\n|-activate|p1b: Iron Bundle|ability: Quark Drive|[fromitem]\n|-start|p1b: Iron Bundle|quarkdrivespe\n|move|p2a: Palafin|Protect|p2a: Palafin\n|-singleturn|p2a: Palafin|Protect\n|move|p2b: Meowscarada|U-turn|p1b: Iron Bundle\n|-damage|p1b: Iron Bundle|70\/100\n|\n|t:|1682054433\n|switch|p2b: Flutter Mane|Flutter Mane, L50|100\/100|[from] U-turn\n|-enditem|p2b: Flutter Mane|Booster Energy\n|-activate|p2b: Flutter Mane|ability: Protosynthesis|[fromitem]\n|-start|p2b: Flutter Mane|protosynthesisspa\n|move|p1a: Grimmsnarl|Spirit Break|p2b: Flutter Mane\n|-damage|p2b: Flutter Mane|4\/100\n|-unboost|p2b: Flutter Mane|spa|1\n|\n|upkeep\n|turn|3\n|\n|t:|1682054449\n|detailschange|p2a: Palafin|Palafin-Hero, L50, M, shiny, tera:Water\n|switch|p2a: Gholdengo|Gholdengo, L50|100\/100\n|-item|p2a: Gholdengo|Air Balloon\n|move|p2b: Flutter Mane|Protect|p2b: Flutter Mane\n|-singleturn|p2b: Flutter Mane|Protect\n|move|p1a: Grimmsnarl|Sucker Punch||[still]\n|-fail|p1a: Grimmsnarl\n|move|p1b: Iron Bundle|Freeze-Dry|p2a: Gholdengo\n|-resisted|p2a: Gholdengo\n|-damage|p2a: Gholdengo|80\/100\n|-enditem|p2a: Gholdengo|Air Balloon\n|\n|upkeep\n|turn|4\n|inactive|superseriousboi has 30 seconds left.\n|\n|t:|1682054474\n|-end|p2b: Flutter Mane|Protosynthesis|[silent]\n|switch|p2b: Meowscarada|Meowscarada, L50, M|100\/100\n|move|p1a: Grimmsnarl|Sucker Punch||[still]\n|-fail|p1a: Grimmsnarl\n|move|p1b: Iron Bundle|Icy Wind|p2b: Meowscarada|[spread] p2a,p2b\n|-resisted|p2a: Gholdengo\n|-supereffective|p2b: Meowscarada\n|-damage|p2a: Gholdengo|69\/100\n|-damage|p2b: Meowscarada|36\/100\n|-unboost|p2a: Gholdengo|spe|1\n|-unboost|p2b: Meowscarada|spe|1\n|move|p2a: Gholdengo|Nasty Plot|p2a: Gholdengo\n|-boost|p2a: Gholdengo|spa|2\n|\n|upkeep\n|turn|5\n|\n|t:|1682054493\n|move|p2b: Meowscarada|Sucker Punch|p1b: Iron Bundle\n|-damage|p1b: Iron Bundle|26\/100\n|move|p1a: Grimmsnarl|Sucker Punch|p2a: Gholdengo\n|-supereffective|p2a: Gholdengo\n|-damage|p2a: Gholdengo|0 fnt\n|faint|p2a: Gholdengo\n|move|p1b: Iron Bundle|Icy Wind|p2b: Meowscarada\n|-supereffective|p2b: Meowscarada\n|-damage|p2b: Meowscarada|0 fnt\n|faint|p2b: Meowscarada\n|\n|upkeep\n|\n|t:|1682054504\n|switch|p2b: Palafin|Palafin-Hero, L50, M, shiny, tera:Water|100\/100\n|switch|p2a: Flutter Mane|Flutter Mane, L50|4\/100\n|-activate|p2b: Palafin|ability: Zero to Hero\n|turn|6\n|\n|t:|1682054528\n|move|p2b: Palafin|Jet Punch|p1b: Iron Bundle\n|-resisted|p1b: Iron Bundle\n|-crit|p1b: Iron Bundle\n|-damage|p1b: Iron Bundle|0 fnt\n|faint|p1b: Iron Bundle\n|-end|p1b: Iron Bundle|Quark Drive|[silent]\n|move|p1a: Grimmsnarl|Fake Tears|p2b: Palafin\n|-unboost|p2b: Palafin|spd|2\n|move|p2a: Flutter Mane|Moonblast|p1a: Grimmsnarl\n|-supereffective|p1a: Grimmsnarl\n|-damage|p1a: Grimmsnarl|0 fnt\n|faint|p1a: Grimmsnarl\n|\n|upkeep\n|\n|t:|1682054540\n|switch|p1b: Flutter Mane|Flutter Mane, L50|100\/100\n|switch|p1a: Chi-Yu|Chi-Yu, L50|100\/100\n|-ability|p1a: Chi-Yu|Beads of Ruin\n|turn|7\n|inactive|superseriousboi has 30 seconds left.\n|inactive|jAMES12D has 30 seconds left.\n|\n|t:|1682054571\n|move|p2a: Flutter Mane|Protect|p2a: Flutter Mane\n|-singleturn|p2a: Flutter Mane|Protect\n|move|p1b: Flutter Mane|Shadow Ball|p2a: Flutter Mane\n|-activate|p2a: Flutter Mane|move: Protect\n|move|p1a: Chi-Yu|Dark Pulse|p2b: Palafin\n|-damage|p2b: Palafin|0 fnt\n|faint|p2b: Palafin\n|\n|upkeep\n|turn|8\n|\n|t:|1682054583\n|move|p2a: Flutter Mane|Protect||[still]\n|-fail|p2a: Flutter Mane\n|move|p1b: Flutter Mane|Shadow Ball|p2a: Flutter Mane\n|-supereffective|p2a: Flutter Mane\n|-damage|p2a: Flutter Mane|0 fnt\n|faint|p2a: Flutter Mane\n|-end|p2a: Flutter Mane|Protosynthesis|[silent]\n|-damage|p1b: Flutter Mane|91\/100|[from] item: Life Orb\n|\n|win|superseriousboi\n|raw|superseriousboi's rating: 1121 → 1144<\/strong> (+23 for winning)\n|raw|jAMES12D's rating: 1094 → 1072<\/strong> (-22 for losing)\n|l|\u2606jAMES12D\n","uploadtime":1682054592,"views":12,"p1id":"superseriousboi","p2id":"james12d","formatid":"gen9vgc2023regulationc","rating":1072,"private":0,"password":""}