{"id":"gen9vgc2023regulationc-1852623842","p1":"lato_18","p2":"Just_SamueIe","format":"[Gen 9] VGC 2023 Regulation C","log":"|j|\u2606lato_18\n|j|\u2606Just_SamueIe\n|t:|1682587050\n|gametype|doubles\n|player|p1|lato_18|170|1252\n|player|p2|Just_SamueIe|chase|1264\n|teamsize|p1|6\n|teamsize|p2|6\n|gen|9\n|tier|[Gen 9] VGC 2023 Regulation C\n|rated|\n|rule|Species Clause: Limit one of each Pok\u00e9mon\n|rule|Item Clause: Limit one of each item\n|clearpoke\n|poke|p1|Orthworm, L50, F|\n|poke|p1|Chien-Pao, L50|\n|poke|p1|Ting-Lu, L50|\n|poke|p1|Arcanine, L50, F|\n|poke|p1|Flutter Mane, L50|\n|poke|p1|Dragonite, L50, M|\n|poke|p2|Ceruledge, L50, F|\n|poke|p2|Gyarados, L50, F|\n|poke|p2|Rotom-Wash, L50|\n|poke|p2|Garchomp, L50, F|\n|poke|p2|Chien-Pao, L50|\n|poke|p2|Talonflame, L50, M|\n|teampreview|4\n|\n|t:|1682587091\n|start\n|switch|p1a: Ting-Lu|Ting-Lu, L50|100\/100\n|switch|p1b: Arcanine|Arcanine, L50, F|100\/100\n|switch|p2a: Ceruledge|Ceruledge, L50, F, shiny|100\/100\n|switch|p2b: Gyarados|Gyarados, L50, F|100\/100\n|-ability|p2b: Gyarados|Intimidate|boost\n|-unboost|p1a: Ting-Lu|atk|1\n|-unboost|p1b: Arcanine|atk|1\n|-ability|p1b: Arcanine|Intimidate|boost\n|-fail|p2a: Ceruledge|unboost|[from] item: Clear Amulet|[of] p2a: Ceruledge\n|-unboost|p2b: Gyarados|atk|1\n|-ability|p1a: Ting-Lu|Vessel of Ruin\n|turn|1\n|\n|t:|1682587117\n|-terastallize|p2a: Ceruledge|Grass\n|move|p2b: Gyarados|Thunder Wave|p1b: Arcanine\n|-status|p1b: Arcanine|par\n|move|p2a: Ceruledge|Bulk Up|p2a: Ceruledge\n|-boost|p2a: Ceruledge|atk|1\n|-boost|p2a: Ceruledge|def|1\n|move|p1a: Ting-Lu|Rock Slide|p2a: Ceruledge|[spread] p2a,p2b\n|-supereffective|p2b: Gyarados\n|-damage|p2a: Ceruledge|93\/100\n|-damage|p2b: Gyarados|82\/100\n|move|p1b: Arcanine|Will-O-Wisp|p2b: Gyarados\n|-status|p2b: Gyarados|brn\n|\n|-damage|p2b: Gyarados|76\/100 brn|[from] brn\n|upkeep\n|turn|2\n|\n|t:|1682587167\n|move|p2b: Gyarados|Iron Head|p1b: Arcanine\n|-resisted|p1b: Arcanine\n|-damage|p1b: Arcanine|97\/100 par\n|move|p2a: Ceruledge|Tera Blast|p1a: Ting-Lu\n|-supereffective|p1a: Ting-Lu\n|-damage|p1a: Ting-Lu|26\/100\n|move|p1a: Ting-Lu|Heavy Slam|p2a: Ceruledge\n|-damage|p2a: Ceruledge|77\/100\n|move|p1b: Arcanine|Flare Blitz|p2a: Ceruledge\n|-start|p2a: Ceruledge|ability: Flash Fire\n|\n|-damage|p2b: Gyarados|70\/100 brn|[from] brn\n|upkeep\n|turn|3\n|\n|t:|1682587187\n|move|p1b: Arcanine|Protect|p1b: Arcanine\n|-singleturn|p1b: Arcanine|Protect\n|move|p2b: Gyarados|Iron Head|p1b: Arcanine\n|-activate|p1b: Arcanine|move: Protect\n|move|p2a: Ceruledge|Tera Blast|p1a: Ting-Lu\n|-supereffective|p1a: Ting-Lu\n|-damage|p1a: Ting-Lu|0 fnt\n|faint|p1a: Ting-Lu\n|\n|-damage|p2b: Gyarados|64\/100 brn|[from] brn\n|upkeep\n|\n|t:|1682587205\n|switch|p1a: Dragonite|Dragonite, L50, M|100\/100\n|turn|4\n|\n|t:|1682587223\n|-terastallize|p1a: Dragonite|Flying\n|move|p2a: Ceruledge|Shadow Sneak|p1a: Dragonite\n|-damage|p1a: Dragonite|84\/100\n|move|p2b: Gyarados|Thunder Wave|p1a: Dragonite\n|-status|p1a: Dragonite|par\n|-enditem|p1a: Dragonite|Lum Berry|[eat]\n|-curestatus|p1a: Dragonite|par|[msg]\n|move|p1a: Dragonite|Tera Blast|p2a: Ceruledge\n|-supereffective|p2a: Ceruledge\n|-damage|p2a: Ceruledge|0 fnt\n|faint|p2a: Ceruledge\n|cant|p1b: Arcanine|par\n|\n|-damage|p2b: Gyarados|58\/100 brn|[from] brn\n|upkeep\n|\n|t:|1682587241\n|switch|p2a: Garchomp|Garchomp, L50, F|100\/100\n|turn|5\n|\n|t:|1682587259\n|move|p2a: Garchomp|Rock Slide|p1a: Dragonite|[spread] p1a,p1b\n|-supereffective|p1a: Dragonite\n|-supereffective|p1b: Arcanine\n|-damage|p1a: Dragonite|28\/100\n|-damage|p1b: Arcanine|47\/100 par\n|move|p2b: Gyarados|Thunder Wave|p1a: Dragonite\n|-status|p1a: Dragonite|par\n|cant|p1b: Arcanine|flinch\n|move|p1a: Dragonite|Tera Blast|p2b: Gyarados\n|-crit|p2b: Gyarados\n|-damage|p2b: Gyarados|0 fnt\n|faint|p2b: Gyarados\n|\n|upkeep\n|\n|t:|1682587268\n|switch|p2b: Chien-Pao|Chien-Pao, L50|100\/100\n|-ability|p2b: Chien-Pao|Sword of Ruin\n|turn|6\n|\n|t:|1682587283\n|move|p1a: Dragonite|Extreme Speed|p2b: Chien-Pao\n|-damage|p2b: Chien-Pao|53\/100\n|move|p2b: Chien-Pao|Sacred Sword|p1b: Arcanine\n|-damage|p1b: Arcanine|12\/100 par\n|move|p2a: Garchomp|Rock Slide|p1b: Arcanine|[spread] p1a,p1b\n|-supereffective|p1a: Dragonite\n|-supereffective|p1b: Arcanine\n|-crit|p1b: Arcanine\n|-damage|p1a: Dragonite|0 fnt\n|-damage|p1b: Arcanine|0 fnt\n|faint|p1a: Dragonite\n|faint|p1b: Arcanine\n|\n|upkeep\n|\n|t:|1682587297\n|switch|p1b: Flutter Mane|Flutter Mane, L50|100\/100\n|-enditem|p1b: Flutter Mane|Booster Energy\n|-activate|p1b: Flutter Mane|ability: Protosynthesis|[fromitem]\n|-start|p1b: Flutter Mane|protosynthesisspa\n|turn|7\n|\n|t:|1682587314\n|move|p2b: Chien-Pao|Sucker Punch|p1b: Flutter Mane\n|-damage|p1b: Flutter Mane|5\/100\n|move|p1b: Flutter Mane|Dazzling Gleam|p2b: Chien-Pao|[spread] p2a,p2b\n|-supereffective|p2a: Garchomp\n|-supereffective|p2b: Chien-Pao\n|-damage|p2a: Garchomp|1\/100\n|-damage|p2b: Chien-Pao|0 fnt\n|faint|p2b: Chien-Pao\n|move|p2a: Garchomp|Rock Slide|p1b: Flutter Mane\n|-crit|p1b: Flutter Mane\n|-damage|p1b: Flutter Mane|0 fnt\n|faint|p1b: Flutter Mane\n|-end|p1b: Flutter Mane|Protosynthesis|[silent]\n|\n|win|Just_SamueIe\n|raw|lato_18's rating: 1252 → 1228<\/strong> (-24 for losing)\n|raw|Just_SamueIe's rating: 1264 → 1288<\/strong> (+24 for winning)\n|c|\u2606Just_SamueIe|woh\n|c|\u2606lato_18|gg\n|c|\u2606Just_SamueIe|gg\n|l|\u2606lato_18\n","uploadtime":1682587335,"views":11,"p1id":"lato18","p2id":"justsamueie","formatid":"gen9vgc2023regulationc","rating":1228,"private":0,"password":""}