{"id":"gen9vgc2023regulationc-1848884070","p1":"tyKer100","p2":"The Penguinari","format":"[Gen 9] VGC 2023 Regulation C","log":"|j|\u2606tyKer100\n|j|\u2606The Penguinari\n|t:|1682121618\n|gametype|doubles\n|player|p1|tyKer100|rood|1172\n|player|p2|The Penguinari|grimsley|1136\n|teamsize|p1|6\n|teamsize|p2|6\n|gen|9\n|tier|[Gen 9] VGC 2023 Regulation C\n|rated|\n|rule|Species Clause: Limit one of each Pok\u00e9mon\n|rule|Item Clause: Limit one of each item\n|clearpoke\n|poke|p1|Lokix, L50, F|\n|poke|p1|Chien-Pao, L50|\n|poke|p1|Rotom-Wash, L50|\n|poke|p1|Iron Hands, L50|\n|poke|p1|Ceruledge, L50, F|\n|poke|p1|Sylveon, L50, M|\n|poke|p2|Iron Bundle, L50|\n|poke|p2|Amoonguss, L50, M|\n|poke|p2|Chi-Yu, L50|\n|poke|p2|Corviknight, L50, F|\n|poke|p2|Flutter Mane, L50|\n|poke|p2|Iron Hands, L50|\n|teampreview|4\nThe Penguinari has agreed to open team sheets.\n|\n|t:|1682121655\n|start\n|switch|p1a: Lokix|Lokix, L50, F|100\/100\n|switch|p1b: Chien-Pao|Chien-Pao, L50|100\/100\n|switch|p2a: Corviknight|Corviknight, L50, F|100\/100\n|switch|p2b: Iron Bundle|Iron Bundle, L50|100\/100\n|-ability|p1b: Chien-Pao|Sword of Ruin\n|-enditem|p2b: Iron Bundle|Booster Energy\n|-activate|p2b: Iron Bundle|ability: Quark Drive|[fromitem]\n|-start|p2b: Iron Bundle|quarkdrivespe\n|turn|1\n|\n|t:|1682121680\n|-terastallize|p1a: Lokix|Steel\n|move|p2b: Iron Bundle|Protect|p2b: Iron Bundle\n|-singleturn|p2b: Iron Bundle|Protect\n|move|p1a: Lokix|First Impression|p2b: Iron Bundle\n|-activate|p2b: Iron Bundle|move: Protect\n|move|p1b: Chien-Pao|Ice Spinner|p2a: Corviknight\n|-damage|p2a: Corviknight|63\/100\n|move|p2a: Corviknight|Bulk Up|p2a: Corviknight\n|-boost|p2a: Corviknight|atk|1\n|-boost|p2a: Corviknight|def|1\n|\n|upkeep\n|turn|2\n|\n|t:|1682121695\n|switch|p1a: Iron Hands|Iron Hands, L50|100\/100\n|move|p1b: Chien-Pao|Protect|p1b: Chien-Pao\n|-singleturn|p1b: Chien-Pao|Protect\n|move|p2b: Iron Bundle|Encore||[still]\n|-fail|p2b: Iron Bundle\n|move|p2a: Corviknight|Roost|p2a: Corviknight\n|-heal|p2a: Corviknight|100\/100\n|-singleturn|p2a: Corviknight|move: Roost\n|\n|upkeep\n|turn|3\n|\n|t:|1682121730\n|-end|p2b: Iron Bundle|Quark Drive|[silent]\n|switch|p2b: Flutter Mane|Flutter Mane, L50|100\/100\n|-terastallize|p2a: Corviknight|Poison\n|move|p1b: Chien-Pao|Sacred Sword|p2b: Flutter Mane\n|-immune|p2b: Flutter Mane\n|move|p2a: Corviknight|Brave Bird|p1a: Iron Hands\n|-damage|p1a: Iron Hands|52\/100\n|-damage|p2a: Corviknight|80\/100|[from] Recoil\n|move|p1a: Iron Hands|Wild Charge|p2a: Corviknight\n|-damage|p2a: Corviknight|48\/100\n|-damage|p1a: Iron Hands|45\/100|[from] Recoil\n|\n|upkeep\n|turn|4\n|\n|t:|1682121748\n|-end|p1a: Iron Hands|Quark Drive|[silent]\n|switch|p1a: Lokix|Lokix, L50, F, tera:Steel|100\/100\n|move|p1b: Chien-Pao|Protect|p1b: Chien-Pao\n|-singleturn|p1b: Chien-Pao|Protect\n|move|p2b: Flutter Mane|Dazzling Gleam|p1a: Lokix|[spread] p1a\n|-activate|p1b: Chien-Pao|move: Protect\n|-resisted|p1a: Lokix\n|-crit|p1a: Lokix\n|-damage|p1a: Lokix|37\/100\n|move|p2a: Corviknight|Brave Bird|p1b: Chien-Pao\n|-activate|p1b: Chien-Pao|move: Protect\n|\n|upkeep\n|turn|5\n|\n|t:|1682121765\n|move|p1a: Lokix|First Impression|p2b: Flutter Mane\n|-resisted|p2b: Flutter Mane\n|-damage|p2b: Flutter Mane|49\/100\n|move|p1b: Chien-Pao|Ice Spinner|p2a: Corviknight\n|-damage|p2a: Corviknight|24\/100\n|move|p2b: Flutter Mane|Dazzling Gleam|p1b: Chien-Pao|[spread] p1a,p1b\n|-resisted|p1a: Lokix\n|-supereffective|p1b: Chien-Pao\n|-damage|p1a: Lokix|0 fnt\n|-enditem|p1b: Chien-Pao|Focus Sash\n|-damage|p1b: Chien-Pao|1\/100\n|faint|p1a: Lokix\n|move|p2a: Corviknight|Roost|p2a: Corviknight\n|-heal|p2a: Corviknight|74\/100\n|\n|upkeep\n|\n|t:|1682121774\n|switch|p1a: Ceruledge|Ceruledge, L50, F|100\/100\n|turn|6\n|\n|t:|1682121798\n|move|p1a: Ceruledge|Protect|p1a: Ceruledge\n|-singleturn|p1a: Ceruledge|Protect\n|move|p1b: Chien-Pao|Ice Spinner|p2b: Flutter Mane\n|-damage|p2b: Flutter Mane|0 fnt\n|faint|p2b: Flutter Mane\n|-end|p2b: Flutter Mane|Protosynthesis|[silent]\n|move|p2a: Corviknight|Brave Bird|p1a: Ceruledge\n|-activate|p1a: Ceruledge|move: Protect\n|\n|upkeep\n|\n|t:|1682121808\n|switch|p2b: Iron Bundle|Iron Bundle, L50|100\/100\n|turn|7\n|\n|t:|1682121834\n|switch|p1a: Iron Hands|Iron Hands, L50|45\/100\n|move|p2b: Iron Bundle|Protect|p2b: Iron Bundle\n|-singleturn|p2b: Iron Bundle|Protect\n|move|p1b: Chien-Pao|Sacred Sword|p2b: Iron Bundle\n|-activate|p2b: Iron Bundle|move: Protect\n|move|p2a: Corviknight|Roost|p2a: Corviknight\n|-heal|p2a: Corviknight|100\/100\n|\n|upkeep\n|turn|8\n|\n|t:|1682121861\n|move|p2b: Iron Bundle|Protect||[still]\n|-fail|p2b: Iron Bundle\n|move|p1a: Iron Hands|Fake Out|p2a: Corviknight\n|-damage|p2a: Corviknight|91\/100\n|move|p1b: Chien-Pao|Sacred Sword|p2b: Iron Bundle\n|-supereffective|p2b: Iron Bundle\n|-damage|p2b: Iron Bundle|10\/100\n|cant|p2a: Corviknight|flinch\n|\n|upkeep\n|turn|9\n|\n|t:|1682121903\n|move|p1b: Chien-Pao|Protect|p1b: Chien-Pao\n|-singleturn|p1b: Chien-Pao|Protect\n|move|p2b: Iron Bundle|Protect|p2b: Iron Bundle\n|-singleturn|p2b: Iron Bundle|Protect\n|move|p2a: Corviknight|Brave Bird|p1a: Iron Hands\n|-damage|p1a: Iron Hands|0 fnt\n|faint|p1a: Iron Hands\n|-end|p1a: Iron Hands|Quark Drive|[silent]\n|-damage|p2a: Corviknight|72\/100|[from] Recoil\n|\n|upkeep\n|\n|t:|1682121911\n|switch|p1a: Ceruledge|Ceruledge, L50, F|100\/100\n|turn|10\n|\n|t:|1682121929\n|move|p1a: Ceruledge|Protect|p1a: Ceruledge\n|-singleturn|p1a: Ceruledge|Protect\n|move|p1b: Chien-Pao|Sacred Sword|p2b: Iron Bundle\n|-supereffective|p2b: Iron Bundle\n|-damage|p2b: Iron Bundle|0 fnt\n|faint|p2b: Iron Bundle\n|-end|p2b: Iron Bundle|Quark Drive|[silent]\n|move|p2a: Corviknight|Brave Bird|p1b: Chien-Pao\n|-damage|p1b: Chien-Pao|0 fnt\n|faint|p1b: Chien-Pao\n|-damage|p2a: Corviknight|72\/100|[from] Recoil\n|\n|upkeep\n|\n|t:|1682121937\n|switch|p2b: Chi-Yu|Chi-Yu, L50|100\/100\n|-ability|p2b: Chi-Yu|Beads of Ruin\n|turn|11\n|\n|t:|1682121946\n|move|p1a: Ceruledge|Protect|p1a: Ceruledge\n|-singleturn|p1a: Ceruledge|Protect\n|move|p2b: Chi-Yu|Dark Pulse|p1a: Ceruledge\n|-activate|p1a: Ceruledge|move: Protect\n|move|p2a: Corviknight|Brave Bird|p1a: Ceruledge\n|-activate|p1a: Ceruledge|move: Protect\n|\n|upkeep\n|turn|12\n|\n|t:|1682121959\n|move|p2b: Chi-Yu|Dark Pulse|p1a: Ceruledge\n|-supereffective|p1a: Ceruledge\n|-damage|p1a: Ceruledge|0 fnt\n|faint|p1a: Ceruledge\n|\n|win|The Penguinari\n|raw|tyKer100's rating: 1172 → 1144<\/strong> (-28 for losing)\n|raw|The Penguinari's rating: 1136 → 1164<\/strong> (+28 for winning)\n|l|\u2606tyKer100\n|c|\u2606The Penguinari|gg\n|c|\u2606The Penguinari|bitch\n","uploadtime":1682121973,"views":13,"p1id":"tyker100","p2id":"thepenguinari","formatid":"gen9vgc2023regulationc","rating":1144,"private":0,"password":""}