{"id":"gen9vgc2023regulationc-1861795811","p1":"mizuirokanjo","p2":"TommeeVGC","format":"[Gen 9] VGC 2023 Regulation C","log":"|j|\u2606mizuirokanjo\n|j|\u2606TommeeVGC\n|t:|1683809504\n|gametype|doubles\n|player|p1|mizuirokanjo|170|1509\n|player|p2|TommeeVGC|ethan|1415\n|teamsize|p1|6\n|teamsize|p2|6\n|gen|9\n|tier|[Gen 9] VGC 2023 Regulation C\n|rated|\n|rule|Species Clause: Limit one of each Pok\u00e9mon\n|rule|Item Clause: Limit one of each item\n|clearpoke\n|poke|p1|Wo-Chien, L50|\n|poke|p1|Flutter Mane, L50|\n|poke|p1|Chi-Yu, L50|\n|poke|p1|Glimmora, L50, M|\n|poke|p1|Dondozo, L50, F|\n|poke|p1|Espathra, L50, F|\n|poke|p2|Vivillon-Fancy, L50, M|\n|poke|p2|Ceruledge, L50, F|\n|poke|p2|Abomasnow, L50, M|\n|poke|p2|Iron Bundle, L50|\n|poke|p2|Bronzong, L50|\n|poke|p2|Ting-Lu, L50|\n|teampreview|4\n|inactive|Battle timer is ON: inactive players will automatically lose when time's up. (requested by TommeeVGC)\n|\n|t:|1683809532\n|start\n|switch|p1a: Wo-Chien|Wo-Chien, L50|100\/100\n|switch|p1b: Dondozo|Dondozo, L50, F|100\/100\n|switch|p2a: Vivillon|Vivillon-Fancy, L50, M|100\/100\n|switch|p2b: Ting-Lu|Ting-Lu, L50|100\/100\n|-ability|p1a: Wo-Chien|Tablets of Ruin\n|-ability|p2b: Ting-Lu|Vessel of Ruin\n|turn|1\n|\n|t:|1683809549\n|switch|p2b: Abomasnow|Abomasnow, L50, M|100\/100\n|-weather|Snow|[from] ability: Snow Warning|[of] p2b: Abomasnow\n|move|p2a: Vivillon|Protect|p2a: Vivillon\n|-singleturn|p2a: Vivillon|Protect\n|move|p1a: Wo-Chien|Ruination|p2b: Abomasnow\n|-damage|p2b: Abomasnow|51\/100\n|move|p1b: Dondozo|Yawn|p2b: Abomasnow\n|-start|p2b: Abomasnow|move: Yawn|[of] p1b: Dondozo\n|\n|-weather|Snow|[upkeep]\n|upkeep\n|turn|2\n|inactive|TommeeVGC has 30 seconds left.\n|\n|t:|1683809575\n|switch|p2b: Iron Bundle|Iron Bundle, L50|100\/100\n|-enditem|p2b: Iron Bundle|Booster Energy\n|-activate|p2b: Iron Bundle|ability: Quark Drive|[fromitem]\n|-start|p2b: Iron Bundle|quarkdrivespe\n|move|p2a: Vivillon|Pollen Puff|p1a: Wo-Chien\n|-supereffective|p1a: Wo-Chien\n|-damage|p1a: Wo-Chien|30\/100\n|move|p1a: Wo-Chien|Ruination|p2a: Vivillon\n|-damage|p2a: Vivillon|51\/100\n|move|p1b: Dondozo|Wave Crash|p2a: Vivillon\n|-damage|p2a: Vivillon|0 fnt\n|faint|p2a: Vivillon\n|-damage|p1b: Dondozo|90\/100|[from] Recoil\n|\n|-weather|Snow|[upkeep]\n|upkeep\n|\n|t:|1683809590\n|switch|p2a: Abomasnow|Abomasnow, L50, M|51\/100\n|turn|3\n|\n|t:|1683809602\n|move|p2b: Iron Bundle|Blizzard|p1a: Wo-Chien|[spread] p1a,p1b\n|-supereffective|p1a: Wo-Chien\n|-resisted|p1b: Dondozo\n|-damage|p1a: Wo-Chien|0 fnt\n|-damage|p1b: Dondozo|76\/100\n|faint|p1a: Wo-Chien\n|move|p2a: Abomasnow|Energy Ball|p1b: Dondozo\n|-supereffective|p1b: Dondozo\n|-damage|p1b: Dondozo|7\/100\n|-enditem|p1b: Dondozo|Sitrus Berry|[eat]\n|-heal|p1b: Dondozo|32\/100|[from] item: Sitrus Berry\n|-damage|p2a: Abomasnow|41\/100|[from] item: Life Orb\n|move|p1b: Dondozo|Yawn|p2b: Iron Bundle\n|-start|p2b: Iron Bundle|move: Yawn|[of] p1b: Dondozo\n|\n|-weather|Snow|[upkeep]\n|upkeep\n|\n|t:|1683809615\n|switch|p1a: Chi-Yu|Chi-Yu, L50|100\/100\n|-ability|p1a: Chi-Yu|Beads of Ruin\n|turn|4\n|inactive|TommeeVGC has 30 seconds left.\n|\n|t:|1683809644\n|-terastallize|p2a: Abomasnow|Water\n|move|p2a: Abomasnow|Helping Hand|p2b: Iron Bundle\n|-singleturn|p2b: Iron Bundle|Helping Hand|[of] p2a: Abomasnow\n|move|p1b: Dondozo|Protect|p1b: Dondozo\n|-singleturn|p1b: Dondozo|Protect\n|move|p2b: Iron Bundle|Hydro Pump|p1a: Chi-Yu\n|-supereffective|p1a: Chi-Yu\n|-enditem|p1a: Chi-Yu|Focus Sash\n|-damage|p1a: Chi-Yu|1\/100\n|move|p1a: Chi-Yu|Heat Wave|p2b: Iron Bundle|[spread] p2a,p2b\n|-resisted|p2a: Abomasnow\n|-damage|p2a: Abomasnow|12\/100\n|-damage|p2b: Iron Bundle|24\/100\n|\n|-weather|Snow|[upkeep]\n|-end|p2b: Iron Bundle|move: Yawn|[silent]\n|-status|p2b: Iron Bundle|slp\n|upkeep\n|turn|5\n|inactive|mizuirokanjo has 30 seconds left.\n|inactive|mizuirokanjo has 20 seconds left.\n|inactive|mizuirokanjo has 15 seconds left.\n|inactive|mizuirokanjo has 10 seconds left.\n|inactive|mizuirokanjo has 5 seconds left.\n|\n|t:|1683809699\n|move|p2a: Abomasnow|Ice Shard|p1a: Chi-Yu\n|-resisted|p1a: Chi-Yu\n|-damage|p1a: Chi-Yu|0 fnt\n|faint|p1a: Chi-Yu\n|-damage|p2a: Abomasnow|3\/100|[from] item: Life Orb\n|cant|p2b: Iron Bundle|slp\n|move|p1b: Dondozo|Wave Crash|p2b: Iron Bundle\n|-resisted|p2b: Iron Bundle\n|-damage|p2b: Iron Bundle|4\/100 slp\n|-damage|p1b: Dondozo|28\/100|[from] Recoil\n|\n|-weather|none\n|upkeep\n|\n|t:|1683809709\n|switch|p1a: Flutter Mane|Flutter Mane, L50|100\/100\n|-enditem|p1a: Flutter Mane|Booster Energy\n|-activate|p1a: Flutter Mane|ability: Protosynthesis|[fromitem]\n|-start|p1a: Flutter Mane|protosynthesisspe\n|turn|6\n|\n|t:|1683809732\n|-curestatus|p2b: Iron Bundle|slp|[msg]\n|move|p2b: Iron Bundle|Protect|p2b: Iron Bundle\n|-singleturn|p2b: Iron Bundle|Protect\n|move|p1b: Dondozo|Protect|p1b: Dondozo\n|-singleturn|p1b: Dondozo|Protect\n|move|p1a: Flutter Mane|Icy Wind|p2a: Abomasnow|[spread] p2a\n|-activate|p2b: Iron Bundle|move: Protect\n|-resisted|p2a: Abomasnow\n|-damage|p2a: Abomasnow|0 fnt\n|faint|p2a: Abomasnow\n|\n|upkeep\n|\n|t:|1683809743\n|switch|p2a: Ting-Lu|Ting-Lu, L50|100\/100\n|-ability|p2a: Ting-Lu|Vessel of Ruin\n|turn|7\n|\n|t:|1683809754\n|-terastallize|p1a: Flutter Mane|Grass\n|move|p1b: Dondozo|Protect|p1b: Dondozo\n|-singleturn|p1b: Dondozo|Protect\n|move|p1a: Flutter Mane|Icy Wind|p2b: Iron Bundle|[spread] p2a,p2b\n|-supereffective|p2a: Ting-Lu\n|-resisted|p2b: Iron Bundle\n|-damage|p2a: Ting-Lu|81\/100\n|-damage|p2b: Iron Bundle|0 fnt\n|-unboost|p2a: Ting-Lu|spe|1\n|faint|p2b: Iron Bundle\n|-end|p2b: Iron Bundle|Quark Drive|[silent]\n|move|p2a: Ting-Lu|Stomping Tantrum|p1a: Flutter Mane\n|-resisted|p1a: Flutter Mane\n|-damage|p1a: Flutter Mane|46\/100\n|\n|upkeep\n|turn|8\n|inactive|mizuirokanjo has 30 seconds left.\n|\n|t:|1683809780\n|move|p1a: Flutter Mane|Moonblast|p2a: Ting-Lu\n|-supereffective|p2a: Ting-Lu\n|-damage|p2a: Ting-Lu|19\/100\n|-unboost|p2a: Ting-Lu|spa|1\n|move|p1b: Dondozo|Yawn|p2a: Ting-Lu\n|-start|p2a: Ting-Lu|move: Yawn|[of] p1b: Dondozo\n|move|p2a: Ting-Lu|Stomping Tantrum|p1a: Flutter Mane\n|-resisted|p1a: Flutter Mane\n|-damage|p1a: Flutter Mane|0 fnt\n|faint|p1a: Flutter Mane\n|-end|p1a: Flutter Mane|Protosynthesis|[silent]\n|\n|upkeep\n|turn|9\n|\n|t:|1683809792\n|move|p1b: Dondozo|Protect|p1b: Dondozo\n|-singleturn|p1b: Dondozo|Protect\n|move|p2a: Ting-Lu|Stomping Tantrum|p1b: Dondozo\n|-activate|p1b: Dondozo|move: Protect\n|\n|-end|p2a: Ting-Lu|move: Yawn|[silent]\n|-status|p2a: Ting-Lu|slp\n|upkeep\n|turn|10\n|\n|t:|1683809799\n|move|p1b: Dondozo|Wave Crash|p2a: Ting-Lu\n|-supereffective|p2a: Ting-Lu\n|-damage|p2a: Ting-Lu|0 fnt\n|faint|p2a: Ting-Lu\n|-damage|p1b: Dondozo|22\/100|[from] Recoil\n|\n|win|mizuirokanjo\n|raw|mizuirokanjo's rating: 1509 → 1524<\/strong> (+15 for winning)\n|raw|TommeeVGC's rating: 1415 → 1400<\/strong> (-15 for losing)\n|l|\u2606mizuirokanjo\n","uploadtime":1683809809,"views":15,"p1id":"mizuirokanjo","p2id":"tommeevgc","formatid":"gen9vgc2023regulationc","rating":1400,"private":0,"password":""}