{"id":"gen9vgc2023regulationc-1849930111","p1":"WillieDangerously","p2":"tantoper3","format":"[Gen 9] VGC 2023 Regulation C","log":"|j|\u2606WillieDangerously\n|j|\u2606tantoper3\n|t:|1682269252\n|gametype|doubles\n|player|p1|WillieDangerously|psychic-gen4|1052\n|player|p2|tantoper3|1|1138\n|teamsize|p1|6\n|teamsize|p2|6\n|gen|9\n|tier|[Gen 9] VGC 2023 Regulation C\n|rated|\n|rule|Species Clause: Limit one of each Pok\u00e9mon\n|rule|Item Clause: Limit one of each item\n|clearpoke\n|poke|p1|Espathra, L50, M|\n|poke|p1|Iron Bundle, L50|\n|poke|p1|Iron Valiant, L50|\n|poke|p1|Salamence, L50, F|\n|poke|p1|Scizor, L50, F|\n|poke|p1|Sandy Shocks, L50|\n|poke|p2|Grimmsnarl, L50, M|\n|poke|p2|Arcanine, L50, F|\n|poke|p2|Chi-Yu, L50|\n|poke|p2|Iron Hands, L50|\n|poke|p2|Gholdengo, L50|\n|poke|p2|Flutter Mane, L50|\n|teampreview|4\n|inactive|Battle timer is ON: inactive players will automatically lose when time's up. (requested by tantoper3)\n|inactive|WillieDangerously has 60 seconds left.\n|inactive|tantoper3 has 60 seconds left.\n|inactive|WillieDangerously has 30 seconds left.\n|inactive|tantoper3 has 30 seconds left.\n|inactive|WillieDangerously has 20 seconds left.\n|inactive|tantoper3 has 20 seconds left.\n|\n|t:|1682269328\n|start\n|switch|p1a: Espathra|Espathra, L50, M|100\/100\n|switch|p1b: Scizor|Scizor, L50, F|100\/100\n|switch|p2a: Gholdengo|Gholdengo, L50|100\/100\n|switch|p2b: Grimmsnarl|Grimmsnarl, L50, M|100\/100\n|turn|1\n|inactive|WillieDangerously has 30 seconds left.\n|inactive|WillieDangerously has 20 seconds left.\n|\n|t:|1682269367\n|move|p1a: Espathra|Protect|p1a: Espathra\n|-singleturn|p1a: Espathra|Protect\n|move|p2b: Grimmsnarl|Reflect|p2b: Grimmsnarl\n|-sidestart|p2: tantoper3|Reflect\n|move|p2a: Gholdengo|Nasty Plot|p2a: Gholdengo\n|-boost|p2a: Gholdengo|spa|2\n|move|p1b: Scizor|Swords Dance|p1b: Scizor\n|-boost|p1b: Scizor|atk|2\n|\n|-ability|p1a: Espathra|Speed Boost|boost\n|-boost|p1a: Espathra|spe|1\n|upkeep\n|turn|2\n|inactive|tantoper3 has 30 seconds left.\n|inactive|WillieDangerously has 30 seconds left.\n|inactive|tantoper3 has 20 seconds left.\n|inactive|WillieDangerously has 20 seconds left.\n|inactive|WillieDangerously has 15 seconds left.\n|inactive|WillieDangerously has 10 seconds left.\n|\n|t:|1682269426\n|move|p2b: Grimmsnarl|Thunder Wave|p1a: Espathra\n|-status|p1a: Espathra|par\n|move|p1a: Espathra|Hypnosis|p2a: Gholdengo\n|-immune|p2a: Gholdengo|[from] ability: Good as Gold\n|move|p2a: Gholdengo|Thunderbolt|p1b: Scizor\n|-damage|p1b: Scizor|17\/100\n|move|p1b: Scizor|Pounce|p2b: Grimmsnarl\n|-damage|p2b: Grimmsnarl|37\/100\n|-unboost|p2b: Grimmsnarl|spe|1\n|\n|-ability|p1a: Espathra|Speed Boost|boost\n|-boost|p1a: Espathra|spe|1\n|upkeep\n|turn|3\n|inactive|WillieDangerously has 30 seconds left.\n|inactive|tantoper3 has 30 seconds left.\n|inactive|WillieDangerously has 20 seconds left.\n|\n|t:|1682269461\n|move|p1b: Scizor|Bullet Punch|p2b: Grimmsnarl\n|-supereffective|p2b: Grimmsnarl\n|-damage|p2b: Grimmsnarl|0 fnt\n|faint|p2b: Grimmsnarl\n|cant|p1a: Espathra|par\n|move|p2a: Gholdengo|Thunderbolt|p1b: Scizor\n|-crit|p1b: Scizor\n|-damage|p1b: Scizor|0 fnt\n|faint|p1b: Scizor\n|\n|-ability|p1a: Espathra|Speed Boost|boost\n|-boost|p1a: Espathra|spe|1\n|upkeep\n|\n|t:|1682269472\n|switch|p1b: Sandy Shocks|Sandy Shocks, L50|100\/100\n|switch|p2b: Chi-Yu|Chi-Yu, L50|100\/100\n|-ability|p2b: Chi-Yu|Beads of Ruin\n|-enditem|p1b: Sandy Shocks|Booster Energy\n|-activate|p1b: Sandy Shocks|ability: Protosynthesis|[fromitem]\n|-start|p1b: Sandy Shocks|protosynthesisspe\n|turn|4\n|inactive|tantoper3 has 30 seconds left.\n|inactive|tantoper3 has 20 seconds left.\n|\n|t:|1682269508\n|-terastallize|p2b: Chi-Yu|Grass\n|move|p1b: Sandy Shocks|Gravity|p1b: Sandy Shocks\n|-fieldstart|move: Gravity\n|move|p2b: Chi-Yu|Heat Wave|p1a: Espathra|[spread] p1a,p1b\n|-damage|p1a: Espathra|32\/100 par\n|-damage|p1b: Sandy Shocks|39\/100\n|move|p1a: Espathra|Hypnosis|p2b: Chi-Yu\n|-status|p2b: Chi-Yu|slp|[from] move: Hypnosis\n|move|p2a: Gholdengo|Make It Rain|p1a: Espathra|[spread] p1a,p1b\n|-resisted|p1b: Sandy Shocks\n|-damage|p1a: Espathra|0 fnt\n|-damage|p1b: Sandy Shocks|0 fnt\n|-unboost|p2a: Gholdengo|spa|1\n|faint|p1a: Espathra\n|faint|p1b: Sandy Shocks\n|-end|p1b: Sandy Shocks|Protosynthesis|[silent]\n|\n|upkeep\n|\n|t:|1682269521\n|switch|p1b: Iron Bundle|Iron Bundle, L50|100\/100\n|turn|5\n|\n|t:|1682269538\n|cant|p2b: Chi-Yu|slp\n|move|p1b: Iron Bundle|Hydro Pump|p2a: Gholdengo\n|-damage|p2a: Gholdengo|26\/100\n|move|p2a: Gholdengo|Thunderbolt|p1b: Iron Bundle\n|-supereffective|p1b: Iron Bundle\n|-damage|p1b: Iron Bundle|0 fnt\n|faint|p1b: Iron Bundle\n|-end|p1b: Iron Bundle|Quark Drive|[silent]\n|\n|win|tantoper3\n|raw|WillieDangerously's rating: 1052 → 1039<\/strong> (-13 for losing)\n|raw|tantoper3's rating: 1138 → 1157<\/strong> (+19 for winning)\n","uploadtime":1682269542,"views":5,"p1id":"williedangerously","p2id":"tantoper3","formatid":"gen9vgc2023regulationc","rating":1039,"private":0,"password":""}