{"id":"gen9vgc2023regulationc-1862966115","p1":"Snipeteleon","p2":"wackomarko","format":"[Gen 9] VGC 2023 Regulation C","log":"|j|\u2606Snipeteleon\n|j|\u2606wackomarko\n|t:|1683945034\n|gametype|doubles\n|player|p1|Snipeteleon|waiter-gen4dp|1067\n|player|p2|wackomarko|hiker-gen4|1051\n|teamsize|p1|6\n|teamsize|p2|6\n|gen|9\n|tier|[Gen 9] VGC 2023 Regulation C\n|rated|\n|rule|Species Clause: Limit one of each Pok\u00e9mon\n|rule|Item Clause: Limit one of each item\n|clearpoke\n|poke|p1|Palafin, L50, M|\n|poke|p1|Amoonguss, L50, F|\n|poke|p1|Arcanine, L50, F|\n|poke|p1|Flutter Mane, L50|\n|poke|p1|Ting-Lu, L50|\n|poke|p1|Kingambit, L50, M|\n|poke|p2|Talonflame, L50, M|\n|poke|p2|Amoonguss, L50, F|\n|poke|p2|Flutter Mane, L50|\n|poke|p2|Chien-Pao, L50|\n|poke|p2|Gyarados, L50, M|\n|poke|p2|Dragapult, L50, M|\n|teampreview|4\n|inactive|Battle timer is ON: inactive players will automatically lose when time's up. (requested by Snipeteleon)\nwackomarko has agreed to open team sheets.\n|inactive|wackomarko has 60 seconds left.\n|j| gsdsgdsdg\n|\n|t:|1683945076\n|start\n|switch|p1a: Amoonguss|Amoonguss, L50, F, shiny|100\/100\n|switch|p1b: Ting-Lu|Ting-Lu, L50|100\/100\n|switch|p2a: Talonflame|Talonflame, L50, M, shiny|100\/100\n|switch|p2b: Flutter Mane|Flutter Mane, L50, shiny|100\/100\n|-ability|p1b: Ting-Lu|Vessel of Ruin\n|turn|1\n|l| gsdsgdsdg\n|\n|t:|1683945095\n|move|p2a: Talonflame|Taunt|p1a: Amoonguss\n|-start|p1a: Amoonguss|move: Taunt\n|move|p2b: Flutter Mane|Dazzling Gleam|p1b: Ting-Lu|[spread] p1a,p1b\n|-resisted|p1a: Amoonguss\n|-supereffective|p1b: Ting-Lu\n|-damage|p1a: Amoonguss|90\/100\n|-damage|p1b: Ting-Lu|74\/100\n|-damage|p2b: Flutter Mane|91\/100|[from] item: Life Orb\n|move|p1b: Ting-Lu|Heavy Slam|p2b: Flutter Mane\n|-supereffective|p2b: Flutter Mane\n|-damage|p2b: Flutter Mane|0 fnt\n|faint|p2b: Flutter Mane\n|-end|p2b: Flutter Mane|Protosynthesis|[silent]\n|cant|p1a: Amoonguss|move: Taunt|Spore\n|\n|-heal|p1a: Amoonguss|96\/100|[from] item: Black Sludge\n|upkeep\n|\n|t:|1683945109\n|switch|p2b: Chien-Pao|Chien-Pao, L50|100\/100\n|-ability|p2b: Chien-Pao|Sword of Ruin\n|turn|2\n|\n|t:|1683945122\n|move|p2b: Chien-Pao|Ice Spinner|p1a: Amoonguss\n|-supereffective|p1a: Amoonguss\n|-damage|p1a: Amoonguss|0 fnt\n|faint|p1a: Amoonguss\n|move|p2a: Talonflame|Will-O-Wisp|p1b: Ting-Lu\n|-status|p1b: Ting-Lu|brn\n|move|p1b: Ting-Lu|Heavy Slam|p2b: Chien-Pao\n|-supereffective|p2b: Chien-Pao\n|-damage|p2b: Chien-Pao|64\/100\n|\n|-damage|p1b: Ting-Lu|68\/100 brn|[from] brn\n|upkeep\n|\n|t:|1683945134\n|switch|p1a: Flutter Mane|Flutter Mane, L50|100\/100\n|-enditem|p1a: Flutter Mane|Booster Energy\n|-activate|p1a: Flutter Mane|ability: Protosynthesis|[fromitem]\n|-start|p1a: Flutter Mane|protosynthesisspe\n|turn|3\n|\n|t:|1683945149\n|-terastallize|p1a: Flutter Mane|Fairy\n|move|p2b: Chien-Pao|Sucker Punch|p1a: Flutter Mane\n|-resisted|p1a: Flutter Mane\n|-crit|p1a: Flutter Mane\n|-damage|p1a: Flutter Mane|27\/100\n|move|p2a: Talonflame|Tailwind|p2a: Talonflame\n|-sidestart|p2: wackomarko|move: Tailwind\n|move|p1a: Flutter Mane|Dazzling Gleam|p2b: Chien-Pao|[spread] p2a,p2b\n|-resisted|p2a: Talonflame\n|-supereffective|p2b: Chien-Pao\n|-damage|p2a: Talonflame|78\/100\n|-damage|p2b: Chien-Pao|0 fnt\n|faint|p2b: Chien-Pao\n|move|p1b: Ting-Lu|Heavy Slam|p2a: Talonflame\n|-resisted|p2a: Talonflame\n|-damage|p2a: Talonflame|67\/100\n|\n|-damage|p1b: Ting-Lu|62\/100 brn|[from] brn\n|upkeep\n|\n|t:|1683945164\n|switch|p2b: Dragapult|Dragapult, L50, M, shiny|100\/100\n|turn|4\n|inactive|wackomarko has 30 seconds left.\n|\n|t:|1683945199\n|-end|p1a: Flutter Mane|Protosynthesis|[silent]\n|switch|p1a: Kingambit|Kingambit, L50, M|100\/100\n|-terastallize|p2b: Dragapult|Dragon\n|move|p2b: Dragapult|Dragon Darts|p1b: Ting-Lu\n|-damage|p1b: Ting-Lu|31\/100 brn\n|-anim|p2b: Dragapult|Dragon Darts|p1a: Kingambit\n|-resisted|p1a: Kingambit\n|-damage|p1a: Kingambit|84\/100\n|move|p2a: Talonflame|Brave Bird|p1a: Kingambit\n|-resisted|p1a: Kingambit\n|-damage|p1a: Kingambit|70\/100\n|-damage|p2a: Talonflame|61\/100|[from] Recoil\n|move|p1b: Ting-Lu|Fissure|p2b: Dragapult|[miss]\n|-miss|p1b: Ting-Lu|p2b: Dragapult\n|\n|-heal|p1a: Kingambit|75\/100|[from] item: Leftovers\n|-damage|p1b: Ting-Lu|25\/100 brn|[from] brn\n|upkeep\n|turn|5\n|inactive|Snipeteleon has 30 seconds left.\n|\n|t:|1683945226\n|move|p2b: Dragapult|Dragon Darts|p1b: Ting-Lu\n|-damage|p1b: Ting-Lu|0 fnt\n|-anim|p2b: Dragapult|Dragon Darts|p1a: Kingambit\n|-resisted|p1a: Kingambit\n|-damage|p1a: Kingambit|55\/100\n|faint|p1b: Ting-Lu\n|move|p2a: Talonflame|Will-O-Wisp|p1a: Kingambit\n|-status|p1a: Kingambit|brn\n|move|p1a: Kingambit|Kowtow Cleave|p2a: Talonflame\n|-damage|p2a: Talonflame|28\/100\n|\n|-heal|p1a: Kingambit|61\/100 brn|[from] item: Leftovers\n|-damage|p1a: Kingambit|55\/100 brn|[from] brn\n|upkeep\n|\n|t:|1683945229\n|switch|p1b: Flutter Mane|Flutter Mane, L50, tera:Fairy|27\/100\n|turn|6\n|\n|t:|1683945243\n|move|p1a: Kingambit|Sucker Punch|p2a: Talonflame\n|-damage|p2a: Talonflame|3\/100\n|move|p2b: Dragapult|Dragon Darts|p1a: Kingambit\n|-resisted|p1a: Kingambit\n|-damage|p1a: Kingambit|37\/100 brn\n|-anim|p2b: Dragapult|Dragon Darts|p1a: Kingambit\n|-resisted|p1a: Kingambit\n|-damage|p1a: Kingambit|18\/100 brn\n|move|p2a: Talonflame|Brave Bird|p1b: Flutter Mane\n|-damage|p1b: Flutter Mane|0 fnt\n|faint|p1b: Flutter Mane\n|-end|p1b: Flutter Mane|Protosynthesis|[silent]\n|-damage|p2a: Talonflame|0 fnt|[from] Recoil\n|faint|p2a: Talonflame\n|\n|-heal|p1a: Kingambit|24\/100 brn|[from] item: Leftovers\n|-damage|p1a: Kingambit|18\/100 brn|[from] brn\n|-sideend|p2: wackomarko|move: Tailwind\n|upkeep\n|turn|7\n|\n|t:|1683945267\n|move|p2b: Dragapult|Dragon Darts|p1a: Kingambit\n|-resisted|p1a: Kingambit\n|-damage|p1a: Kingambit|0 fnt\n|faint|p1a: Kingambit\n|\n|win|wackomarko\n|raw|Snipeteleon's rating: 1067 → 1046<\/strong> (-21 for losing)\n|raw|wackomarko's rating: 1051 → 1085<\/strong> (+34 for winning)\n|l|\u2606Snipeteleon\n|c|\u2606wackomarko|gg\n","uploadtime":1683945302,"views":10,"p1id":"snipeteleon","p2id":"wackomarko","formatid":"gen9vgc2023regulationc","rating":1046,"private":0,"password":""}