{"id":"gen9vgc2023regulationc-1855068764","p1":"Semi101","p2":"tarkus474","format":"[Gen 9] VGC 2023 Regulation C","log":"|j|\u2606Semi101\n|j|\u2606tarkus474\n|t:|1682897488\n|gametype|doubles\n|player|p1|Semi101|169|1017\n|player|p2|tarkus474|chuck|1064\n|teamsize|p1|4\n|teamsize|p2|6\n|gen|9\n|tier|[Gen 9] VGC 2023 Regulation C\n|rated|\n|rule|Species Clause: Limit one of each Pok\u00e9mon\n|rule|Item Clause: Limit one of each item\n|clearpoke\n|poke|p1|Amoonguss, L50, M|\n|poke|p1|Arcanine, L50, M|\n|poke|p1|Palafin, L50, F|\n|poke|p1|Flutter Mane, L50|\n|poke|p2|Annihilape, L50, M|\n|poke|p2|Maushold, L50|\n|poke|p2|Tyranitar, L50, M|\n|poke|p2|Bronzong, L50|\n|poke|p2|Iron Hands, L50|\n|poke|p2|Flutter Mane, L50|\n|teampreview|4\n|inactive|Battle timer is ON: inactive players will automatically lose when time's up. (requested by Semi101)\ntarkus474 rejected open team sheets.\n|\n|t:|1682897515\n|start\n|switch|p1a: Palafin|Palafin, L50, F|100\/100\n|switch|p1b: Amoonguss|Amoonguss, L50, M|100\/100\n|switch|p2a: Maushold|Maushold, L50|100\/100\n|switch|p2b: Annihilape|Annihilape, L50, M|100\/100\n|turn|1\n|inactive|tarkus474 has 30 seconds left.\n|\n|t:|1682897543\n|detailschange|p1a: Palafin|Palafin-Hero, L50, F\n|switch|p1a: Arcanine|Arcanine, L50, M|100\/100\n|-ability|p1a: Arcanine|Intimidate|boost\n|-unboost|p2a: Maushold|atk|1\n|-unboost|p2b: Annihilape|atk|1\n|switch|p2a: Tyranitar|Tyranitar, L50, M|100\/100\n|-weather|Sandstorm|[from] ability: Sand Stream|[of] p2a: Tyranitar\n|move|p1b: Amoonguss|Rage Powder|p1b: Amoonguss\n|-singleturn|p1b: Amoonguss|move: Rage Powder\n|move|p2b: Annihilape|Stomping Tantrum|p1b: Amoonguss\n|-damage|p1b: Amoonguss|85\/100\n|\n|-weather|Sandstorm|[upkeep]\n|-damage|p1a: Arcanine|94\/100|[from] Sandstorm\n|-damage|p2b: Annihilape|94\/100|[from] Sandstorm\n|-damage|p1b: Amoonguss|79\/100|[from] Sandstorm\n|-heal|p1b: Amoonguss|85\/100|[from] item: Leftovers\n|upkeep\n|turn|2\n|\n|t:|1682897563\n|switch|p2b: Maushold|Maushold, L50|100\/100\n|switch|p1b: Palafin|Palafin-Hero, L50, F|100\/100\n|-activate|p1b: Palafin|ability: Zero to Hero\n|move|p1a: Arcanine|Howl|p1a: Arcanine|[spread] p1a,p1b\n|-boost|p1a: Arcanine|atk|1\n|-boost|p1b: Palafin|atk|1\n|move|p2a: Tyranitar|Stomping Tantrum|p1a: Arcanine\n|-supereffective|p1a: Arcanine\n|-damage|p1a: Arcanine|31\/100\n|\n|-weather|Sandstorm|[upkeep]\n|-damage|p1b: Palafin|95\/100|[from] Sandstorm\n|-damage|p2b: Maushold|94\/100|[from] Sandstorm\n|-damage|p1a: Arcanine|25\/100|[from] Sandstorm\n|upkeep\n|turn|3\n|\n|t:|1682897583\n|move|p1a: Arcanine|Extreme Speed|p2b: Maushold\n|-damage|p2b: Maushold|51\/100\n|move|p1b: Palafin|Jet Punch|p2a: Tyranitar\n|-supereffective|p2a: Tyranitar\n|-damage|p2a: Tyranitar|34\/100\n|move|p2b: Maushold|Super Fang|p1b: Palafin\n|-damage|p1b: Palafin|48\/100\n|move|p2a: Tyranitar|Stomping Tantrum|p1b: Palafin\n|-damage|p1b: Palafin|21\/100\n|\n|-weather|Sandstorm|[upkeep]\n|-damage|p1b: Palafin|15\/100|[from] Sandstorm\n|-damage|p2b: Maushold|45\/100|[from] Sandstorm\n|-damage|p1a: Arcanine|19\/100|[from] Sandstorm\n|upkeep\n|turn|4\n|\n|t:|1682897607\n|switch|p2a: Annihilape|Annihilape, L50, M|94\/100\n|move|p1a: Arcanine|Extreme Speed|p2b: Maushold\n|-crit|p2b: Maushold\n|-damage|p2b: Maushold|0 fnt\n|faint|p2b: Maushold\n|move|p1b: Palafin|Jet Punch|p2a: Annihilape\n|-damage|p2a: Annihilape|39\/100\n|\n|-weather|Sandstorm|[upkeep]\n|-damage|p1b: Palafin|10\/100|[from] Sandstorm\n|-damage|p1a: Arcanine|13\/100|[from] Sandstorm\n|-damage|p2a: Annihilape|33\/100|[from] Sandstorm\n|upkeep\n|\n|t:|1682897622\n|switch|p2b: Tyranitar|Tyranitar, L50, M|34\/100\n|turn|5\n|\n|t:|1682897629\n|move|p1b: Palafin|Jet Punch|p2b: Tyranitar\n|-supereffective|p2b: Tyranitar\n|-damage|p2b: Tyranitar|0 fnt\n|faint|p2b: Tyranitar\n|move|p1a: Arcanine|Crunch|p2a: Annihilape\n|-damage|p2a: Annihilape|0 fnt\n|faint|p2a: Annihilape\n|\n|-weather|none\n|upkeep\n|\n|t:|1682897638\n|switch|p2b: Bronzong|Bronzong, L50|100\/100\n|turn|6\n|\n|t:|1682897644\n|move|p1b: Palafin|Jet Punch|p2b: Bronzong\n|-damage|p2b: Bronzong|54\/100\n|move|p1a: Arcanine|Crunch|p2b: Bronzong\n|-supereffective|p2b: Bronzong\n|-damage|p2b: Bronzong|0 fnt\n|faint|p2b: Bronzong\n|\n|win|Semi101\n|raw|Semi101's rating: 1017 → 1059<\/strong> (+42 for winning)\n|raw|tarkus474's rating: 1064 → 1042<\/strong> (-22 for losing)\n|l|\u2606tarkus474\n","uploadtime":1682897676,"views":10,"p1id":"semi101","p2id":"tarkus474","formatid":"gen9vgc2023regulationc","rating":1042,"private":0,"password":""}