{"id":"gen9vgc2023regulationc-1845912564","p1":"Keveloper","p2":"AshVGCMX","format":"[Gen 9] VGC 2023 Regulation C","log":"|j|\u2606Keveloper\n|j|\u2606AshVGCMX\n|t:|1681778486\n|gametype|doubles\n|player|p1|Keveloper|lucas|1487\n|player|p2|AshVGCMX|ash-capbackward|1413\n|teamsize|p1|6\n|teamsize|p2|6\n|gen|9\n|tier|[Gen 9] VGC 2023 Regulation C\n|rated|\n|rule|Species Clause: Limit one of each Pok\u00e9mon\n|rule|Item Clause: Limit one of each item\n|clearpoke\n|poke|p1|Orthworm, L50, F|\n|poke|p1|Dragonite, L50, M|\n|poke|p1|Ting-Lu, L50|\n|poke|p1|Gyarados, L50, F|\n|poke|p1|Flutter Mane, L50|\n|poke|p1|Chien-Pao, L50|\n|poke|p2|Pikachu, L50, M|\n|poke|p2|Flutter Mane, L50|\n|poke|p2|Chi-Yu, L50|\n|poke|p2|Gholdengo, L50|\n|poke|p2|Murkrow, L50, M|\n|poke|p2|Great Tusk, L50|\n|teampreview|4\n|inactive|Battle timer is ON: inactive players will automatically lose when time's up. (requested by AshVGCMX)\n|inactive|Keveloper has 60 seconds left.\n|\n|t:|1681778548\n|start\n|switch|p1a: Ting-Lu|Ting-Lu, L50|100\/100\n|switch|p1b: Gyarados|Gyarados, L50, F|100\/100\n|switch|p2a: Chantico|Gholdengo, L50|100\/100\n|switch|p2b: Eh\u00e9catl|Murkrow, L50, M|100\/100\n|-ability|p1b: Gyarados|Intimidate|boost\n|-unboost|p2a: Chantico|atk|1\n|-unboost|p2b: Eh\u00e9catl|atk|1\n|-ability|p1a: Ting-Lu|Vessel of Ruin\n|turn|1\n|\n|t:|1681778567\n|-terastallize|p2a: Chantico|Flying\n|move|p2b: Eh\u00e9catl|Tailwind|p2b: Eh\u00e9catl\n|-sidestart|p2: AshVGCMX|move: Tailwind\n|move|p2a: Chantico|Thunderbolt|p1b: Gyarados\n|-supereffective|p1b: Gyarados\n|-damage|p1b: Gyarados|0 fnt\n|faint|p1b: Gyarados\n|-damage|p2a: Chantico|90\/100|[from] item: Life Orb\n|move|p1a: Ting-Lu|Throat Chop|p2a: Chantico\n|-damage|p2a: Chantico|37\/100\n|-start|p2a: Chantico|Throat Chop|[silent]\n|\n|upkeep\n|\n|t:|1681778581\n|switch|p1b: Dragonite|Dragonite, L50, M|100\/100\n|turn|2\n|inactive|Keveloper has 30 seconds left.\n|\n|t:|1681778613\n|move|p2b: Eh\u00e9catl|Thunder Wave|p1b: Dragonite\n|-status|p1b: Dragonite|par\n|-enditem|p1b: Dragonite|Lum Berry|[eat]\n|-curestatus|p1b: Dragonite|par|[msg]\n|move|p2a: Chantico|Make It Rain|p1b: Dragonite|[spread] p1a,p1b\n|-damage|p1a: Ting-Lu|68\/100\n|-damage|p1b: Dragonite|77\/100\n|-unboost|p2a: Chantico|spa|1\n|-damage|p2a: Chantico|27\/100|[from] item: Life Orb\n|move|p1b: Dragonite|Dragon Dance|p1b: Dragonite\n|-boost|p1b: Dragonite|atk|1\n|-boost|p1b: Dragonite|spe|1\n|move|p1a: Ting-Lu|Throat Chop|p2b: Eh\u00e9catl\n|-resisted|p2b: Eh\u00e9catl\n|-damage|p2b: Eh\u00e9catl|70\/100\n|-start|p2b: Eh\u00e9catl|Throat Chop|[silent]\n|\n|-end|p2a: Chantico|Throat Chop|[silent]\n|upkeep\n|turn|3\n|inactive|Keveloper has 30 seconds left.\n|\n|t:|1681778638\n|switch|p1a: Flutter Mane|Flutter Mane, L50|100\/100\n|move|p1b: Dragonite|Extreme Speed|p2a: Chantico\n|-damage|p2a: Chantico|0 fnt\n|faint|p2a: Chantico\n|move|p2b: Eh\u00e9catl|Haze|p2b: Eh\u00e9catl\n|-clearallboost\n|\n|-end|p2b: Eh\u00e9catl|Throat Chop|[silent]\n|upkeep\n|\n|t:|1681778646\n|switch|p2a: Cihuac\u00f3atl|Flutter Mane, L50|100\/100\n|turn|4\n|\n|t:|1681778670\n|-end|p1a: Flutter Mane|Protosynthesis|[silent]\n|switch|p1a: Ting-Lu|Ting-Lu, L50|68\/100\n|-ability|p1a: Ting-Lu|Vessel of Ruin\n|-terastallize|p1b: Dragonite|Flying\n|move|p2b: Eh\u00e9catl|Thunder Wave|p1a: Ting-Lu\n|-immune|p1a: Ting-Lu\n|move|p2a: Cihuac\u00f3atl|Dazzling Gleam|p1a: Ting-Lu|[spread] p1a,p1b\n|-supereffective|p1a: Ting-Lu\n|-damage|p1a: Ting-Lu|37\/100\n|-damage|p1b: Dragonite|56\/100\n|move|p1b: Dragonite|Tera Blast|p2a: Cihuac\u00f3atl\n|-enditem|p2a: Cihuac\u00f3atl|Focus Sash\n|-damage|p2a: Cihuac\u00f3atl|1\/100\n|\n|-sideend|p2: AshVGCMX|move: Tailwind\n|upkeep\n|turn|5\n|\n|t:|1681778692\n|move|p2a: Cihuac\u00f3atl|Protect|p2a: Cihuac\u00f3atl\n|-singleturn|p2a: Cihuac\u00f3atl|Protect\n|move|p1b: Dragonite|Tera Blast|p2b: Eh\u00e9catl\n|-damage|p2b: Eh\u00e9catl|0 fnt\n|faint|p2b: Eh\u00e9catl\n|move|p1a: Ting-Lu|Rock Slide|p2a: Cihuac\u00f3atl\n|-activate|p2a: Cihuac\u00f3atl|move: Protect\n|\n|upkeep\n|\n|t:|1681778699\n|switch|p2b: Xiuhtecuhtli|Chi-Yu, L50|100\/100\n|-ability|p2b: Xiuhtecuhtli|Beads of Ruin\n|turn|6\n|\n|t:|1681778711\n|move|p1b: Dragonite|Extreme Speed|p2b: Xiuhtecuhtli\n|-damage|p2b: Xiuhtecuhtli|58\/100\n|move|p2a: Cihuac\u00f3atl|Dazzling Gleam|p1a: Ting-Lu|[spread] p1a,p1b\n|-supereffective|p1a: Ting-Lu\n|-damage|p1a: Ting-Lu|0 fnt\n|-damage|p1b: Dragonite|27\/100\n|faint|p1a: Ting-Lu\n|move|p2b: Xiuhtecuhtli|Heat Wave|p1b: Dragonite\n|-damage|p1b: Dragonite|0 fnt\n|faint|p1b: Dragonite\n|\n|upkeep\n|\n|t:|1681778722\n|switch|p1b: Flutter Mane|Flutter Mane, L50|100\/100\n|turn|7\n|\n|t:|1681778729\n|move|p2a: Cihuac\u00f3atl|Dazzling Gleam|p1b: Flutter Mane\n|-damage|p1b: Flutter Mane|58\/100\n|move|p1b: Flutter Mane|Dazzling Gleam|p2a: Cihuac\u00f3atl|[spread] p2a,p2b\n|-damage|p2a: Cihuac\u00f3atl|0 fnt\n|-damage|p2b: Xiuhtecuhtli|27\/100\n|faint|p2a: Cihuac\u00f3atl\n|-end|p2a: Cihuac\u00f3atl|Protosynthesis|[silent]\n|move|p2b: Xiuhtecuhtli|Dark Pulse|p1b: Flutter Mane\n|-damage|p1b: Flutter Mane|3\/100\n|\n|upkeep\n|turn|8\n|\n|t:|1681778738\n|move|p1b: Flutter Mane|Dazzling Gleam|p2b: Xiuhtecuhtli\n|-damage|p2b: Xiuhtecuhtli|0 fnt\n|faint|p2b: Xiuhtecuhtli\n|\n|win|Keveloper\n|raw|Keveloper's rating: 1487 → 1503<\/strong> (+16 for winning)\n|raw|AshVGCMX's rating: 1413 → 1397<\/strong> (-16 for losing)\n","uploadtime":1681778743,"views":12,"p1id":"keveloper","p2id":"ashvgcmx","formatid":"gen9vgc2023regulationc","rating":1397,"private":0,"password":""}