{"id":"gen9vgc2023regulationc-1860051157","p1":"Jibbers","p2":"LobsterLiveGaming","format":"[Gen 9] VGC 2023 Regulation C","log":"|j|\u2606Jibbers\n|j|\u2606LobsterLiveGaming\n|t:|1683589464\n|gametype|doubles\n|player|p1|Jibbers|red|1189\n|player|p2|LobsterLiveGaming|darach-caitlin|1123\n|teamsize|p1|6\n|teamsize|p2|6\n|gen|9\n|tier|[Gen 9] VGC 2023 Regulation C\n|rated|\n|rule|Species Clause: Limit one of each Pok\u00e9mon\n|rule|Item Clause: Limit one of each item\n|clearpoke\n|poke|p1|Brute Bonnet, L50|\n|poke|p1|Gyarados, L50, F|\n|poke|p1|Ceruledge, L50, F|\n|poke|p1|Flutter Mane, L50|\n|poke|p1|Talonflame, L50, M|\n|poke|p1|Garchomp, L50, M|\n|poke|p2|Chi-Yu, L50|\n|poke|p2|Gastrodon-East, L50, M|\n|poke|p2|Pelipper, L50, M|\n|poke|p2|Drednaw, L50, M|\n|poke|p2|Flutter Mane, L50|\n|poke|p2|Amoonguss, L50, F|\n|teampreview|4\n|inactive|Battle timer is ON: inactive players will automatically lose when time's up. (requested by LobsterLiveGaming)\n|inactive|Jibbers has 60 seconds left.\n|inactive|LobsterLiveGaming has 60 seconds left.\n|\n|t:|1683589511\n|start\n|switch|p1a: Brute Bonnet|Brute Bonnet, L50|100\/100\n|switch|p1b: Talonflame|Talonflame, L50, M|100\/100\n|switch|p2a: Gastrodon|Gastrodon-East, L50, M|100\/100\n|switch|p2b: Pelipper|Pelipper, L50, M|100\/100\n|-weather|RainDance|[from] ability: Drizzle|[of] p2b: Pelipper\n|turn|1\n|inactive|Jibbers has 30 seconds left.\n|\n|t:|1683589544\n|-terastallize|p2a: Gastrodon|Flying\n|move|p1b: Talonflame|Tailwind|p1b: Talonflame\n|-sidestart|p1: Jibbers|move: Tailwind\n|move|p1a: Brute Bonnet|Spore|p2b: Pelipper\n|-status|p2b: Pelipper|slp|[from] move: Spore\n|cant|p2b: Pelipper|slp\n|move|p2a: Gastrodon|Muddy Water|p1a: Brute Bonnet|[spread] p1a,p1b\n|-resisted|p1a: Brute Bonnet\n|-supereffective|p1b: Talonflame\n|-damage|p1a: Brute Bonnet|80\/100\n|-damage|p1b: Talonflame|0 fnt\n|-unboost|p1a: Brute Bonnet|accuracy|1\n|faint|p1b: Talonflame\n|\n|-weather|RainDance|[upkeep]\n|upkeep\n|\n|t:|1683589558\n|switch|p1b: Flutter Mane|Flutter Mane, L50|100\/100\n|-enditem|p1b: Flutter Mane|Booster Energy\n|-activate|p1b: Flutter Mane|ability: Protosynthesis|[fromitem]\n|-start|p1b: Flutter Mane|protosynthesisspa\n|turn|2\n|\n|t:|1683589570\n|move|p1b: Flutter Mane|Substitute|p1b: Flutter Mane\n|-start|p1b: Flutter Mane|Substitute\n|-damage|p1b: Flutter Mane|76\/100\n|move|p1a: Brute Bonnet|Bullet Seed|p2b: Pelipper\n|-damage|p2b: Pelipper|82\/100 slp\n|-damage|p2b: Pelipper|62\/100 slp\n|-damage|p2b: Pelipper|44\/100 slp\n|-damage|p2b: Pelipper|25\/100 slp\n|-damage|p2b: Pelipper|6\/100 slp\n|-hitcount|p2b: Pelipper|5\n|cant|p2b: Pelipper|slp\n|move|p2a: Gastrodon|Muddy Water|p1a: Brute Bonnet|[spread] p1a,p1b\n|-end|p1b: Flutter Mane|Substitute\n|-resisted|p1a: Brute Bonnet\n|-damage|p1a: Brute Bonnet|61\/100\n|\n|-weather|RainDance|[upkeep]\n|upkeep\n|turn|3\n|inactive|LobsterLiveGaming has 30 seconds left.\n|\n|t:|1683589600\n|move|p1b: Flutter Mane|Dazzling Gleam|p2a: Gastrodon|[spread] p2a,p2b\n|-damage|p2a: Gastrodon|53\/100\n|-damage|p2b: Pelipper|0 fnt\n|faint|p2b: Pelipper\n|move|p1a: Brute Bonnet|Spore|p2a: Gastrodon|[miss]\n|-miss|p1a: Brute Bonnet|p2a: Gastrodon\n|move|p2a: Gastrodon|Muddy Water|p1a: Brute Bonnet|[spread] p1a,p1b\n|-resisted|p1a: Brute Bonnet\n|-damage|p1a: Brute Bonnet|42\/100\n|-damage|p1b: Flutter Mane|38\/100\n|-unboost|p1b: Flutter Mane|accuracy|1\n|\n|-weather|RainDance|[upkeep]\n|upkeep\n|\n|t:|1683589603\n|switch|p2b: Drednaw|Drednaw, L50, M, shiny|100\/100\n|turn|4\n|c|\u2606Jibbers|Damn, that was pivotal\n|inactive|LobsterLiveGaming has 30 seconds left.\n|\n|t:|1683589636\n|move|p1b: Flutter Mane|Protect|p1b: Flutter Mane\n|-singleturn|p1b: Flutter Mane|Protect\n|move|p2b: Drednaw|Liquidation|p2a: Gastrodon\n|-activate|p2a: Gastrodon|ability: Storm Drain\n|-ability|p2a: Gastrodon|Storm Drain|boost\n|-boost|p2a: Gastrodon|spa|1\n|move|p1a: Brute Bonnet|Bullet Seed|p2b: Drednaw\n|-supereffective|p2b: Drednaw\n|-damage|p2b: Drednaw|33\/100\n|-supereffective|p2b: Drednaw\n|-damage|p2b: Drednaw|0 fnt\n|faint|p2b: Drednaw\n|-hitcount|p2: Drednaw|2\n|move|p2a: Gastrodon|Muddy Water|p1b: Flutter Mane|[spread] p1a\n|-activate|p1b: Flutter Mane|move: Protect\n|-resisted|p1a: Brute Bonnet\n|-damage|p1a: Brute Bonnet|10\/100\n|\n|-weather|RainDance|[upkeep]\n|-sideend|p1: Jibbers|move: Tailwind\n|upkeep\n|c|\u2606LobsterLiveGaming|i forgor\n|\n|t:|1683589652\n|switch|p2b: Amoonguss|Amoonguss, L50, F|100\/100\n|turn|5\n|c|\u2606Jibbers|That might still net you the game\n|\n|t:|1683589669\n|move|p2a: Gastrodon|Protect|p2a: Gastrodon\n|-singleturn|p2a: Gastrodon|Protect\n|move|p1a: Brute Bonnet|Sucker Punch||[still]\n|-fail|p1a: Brute Bonnet\n|move|p1b: Flutter Mane|Dazzling Gleam|p2b: Amoonguss|[spread] \n|-activate|p2a: Gastrodon|move: Protect\n|-miss|p1b: Flutter Mane|p2b: Amoonguss\n|move|p2b: Amoonguss|Pollen Puff|p1a: Brute Bonnet\n|-supereffective|p1a: Brute Bonnet\n|-damage|p1a: Brute Bonnet|0 fnt\n|faint|p1a: Brute Bonnet\n|-end|p1a: Brute Bonnet|Protosynthesis|[silent]\n|\n|-weather|RainDance|[upkeep]\n|upkeep\n|\n|t:|1683589671\n|switch|p1a: Garchomp|Garchomp, L50, M|100\/100\n|turn|6\n|inactive|Jibbers has 30 seconds left.\n|\n|t:|1683589703\n|-terastallize|p1b: Flutter Mane|Fairy\n|move|p2b: Amoonguss|Rage Powder|p2b: Amoonguss\n|-singleturn|p2b: Amoonguss|move: Rage Powder\n|move|p1a: Garchomp|Dragon Claw|p2b: Amoonguss\n|-damage|p2b: Amoonguss|59\/100\n|-damage|p1a: Garchomp|84\/100|[from] item: Rocky Helmet|[of] p2b: Amoonguss\n|move|p1b: Flutter Mane|Dazzling Gleam|p2a: Gastrodon|[spread] p2a,p2b\n|-resisted|p2b: Amoonguss\n|-damage|p2a: Gastrodon|0 fnt\n|-damage|p2b: Amoonguss|34\/100\n|faint|p2a: Gastrodon\n|\n|-weather|RainDance|[upkeep]\n|upkeep\n|turn|7\n|c|\u2606Jibbers|Gg\n|\n|t:|1683589718\n|move|p1a: Garchomp|Dragon Claw|p2b: Amoonguss\n|-damage|p2b: Amoonguss|0 fnt\n|-damage|p1a: Garchomp|68\/100|[from] item: Rocky Helmet|[of] p2b: Amoonguss\n|faint|p2b: Amoonguss\n|\n|win|Jibbers\n|raw|Jibbers's rating: 1189 → 1209<\/strong> (+20 for winning)\n|raw|LobsterLiveGaming's rating: 1123 → 1103<\/strong> (-20 for losing)\n|c|\u2606LobsterLiveGaming|gg\n","uploadtime":1683589725,"views":6,"p1id":"jibbers","p2id":"lobsterlivegaming","formatid":"gen9vgc2023regulationc","rating":1103,"private":0,"password":""}