{"id":"gen9vgc2023regulationc-1846952316","p1":"nemui00000208","p2":"Alaskan_fisher","format":"[Gen 9] VGC 2023 Regulation C","log":"|j|\u2606nemui00000208\n|j|\u2606Alaskan_fisher\n|t:|1681905372\n|gametype|doubles\n|player|p1|nemui00000208|1|1215\n|player|p2|Alaskan_fisher|fisherman-gen4|1179\n|teamsize|p1|6\n|teamsize|p2|6\n|gen|9\n|tier|[Gen 9] VGC 2023 Regulation C\n|rated|\n|rule|Species Clause: Limit one of each Pok\u00e9mon\n|rule|Item Clause: Limit one of each item\n|clearpoke\n|poke|p1|Ting-Lu, L50|\n|poke|p1|Amoonguss, L50, M|\n|poke|p1|Dragonite, L50, M|\n|poke|p1|Flutter Mane, L50|\n|poke|p1|Orthworm, L50, F|\n|poke|p1|Chien-Pao, L50|\n|poke|p2|Maushold-Four, L50|\n|poke|p2|Annihilape, L50, M|\n|poke|p2|Palafin, L50, F|\n|poke|p2|Ting-Lu, L50|\n|poke|p2|Flutter Mane, L50|\n|poke|p2|Arcanine, L50, F|\n|teampreview|4\n|inactive|Battle timer is ON: inactive players will automatically lose when time's up. (requested by nemui00000208)\nAlaskan_fisher has agreed to open team sheets.\n|inactive|nemui00000208 has 60 seconds left.\n|\n|t:|1681905410\n|start\n|switch|p1a: Ting-Lu|Ting-Lu, L50|100\/100\n|switch|p1b: Dragonite|Dragonite, L50, M|100\/100\n|switch|p2a: Maushold|Maushold-Four, L50|100\/100\n|switch|p2b: Palafin|Palafin, L50, F|100\/100\n|-ability|p1a: Ting-Lu|Vessel of Ruin\n|turn|1\n|inactive|Alaskan_fisher has 30 seconds left.\n|\n|t:|1681905442\n|detailschange|p2b: Palafin|Palafin-Hero, L50, F\n|switch|p2b: Annihilape|Annihilape, L50, M|100\/100\n|-terastallize|p1b: Dragonite|Flying\n|move|p2a: Maushold|Protect|p2a: Maushold\n|-singleturn|p2a: Maushold|Protect\n|move|p1b: Dragonite|Tera Blast|p2b: Annihilape\n|-supereffective|p2b: Annihilape\n|-damage|p2b: Annihilape|30\/100\n|move|p1a: Ting-Lu|Earthquake|p2b: Annihilape|[spread] p2b\n|-activate|p2a: Maushold|move: Protect\n|-immune|p1b: Dragonite\n|-damage|p2b: Annihilape|7\/100\n|\n|-heal|p2b: Annihilape|13\/100|[from] item: Leftovers\n|upkeep\n|turn|2\n|inactive|nemui00000208 has 30 seconds left.\n|\n|t:|1681905469\n|move|p2a: Maushold|Super Fang|p1b: Dragonite\n|-damage|p1b: Dragonite|50\/100\n|move|p1b: Dragonite|Tera Blast|p2b: Annihilape\n|-supereffective|p2b: Annihilape\n|-damage|p2b: Annihilape|0 fnt\n|faint|p2b: Annihilape\n|move|p1a: Ting-Lu|Earthquake|p2a: Maushold|[spread] p2a\n|-immune|p1b: Dragonite\n|-damage|p2a: Maushold|49\/100\n|\n|upkeep\n|\n|t:|1681905479\n|switch|p2b: Palafin|Palafin-Hero, L50, F|100\/100\n|-activate|p2b: Palafin|ability: Zero to Hero\n|turn|3\n|\n|t:|1681905490\n|switch|p1a: Amoonguss|Amoonguss, L50, M|100\/100\n|-terastallize|p2b: Palafin|Water\n|move|p2a: Maushold|Helping Hand|p2b: Palafin\n|-singleturn|p2b: Palafin|Helping Hand|[of] p2a: Maushold\n|move|p1b: Dragonite|Protect|p1b: Dragonite\n|-singleturn|p1b: Dragonite|Protect\n|move|p2b: Palafin|Jet Punch|p1b: Dragonite\n|-activate|p1b: Dragonite|move: Protect\n|\n|upkeep\n|turn|4\n|inactive|nemui00000208 has 30 seconds left.\n|inactive|Alaskan_fisher has 30 seconds left.\n|\n|t:|1681905518\n|switch|p2b: Ting-Lu|Ting-Lu, L50|100\/100\n|-ability|p2b: Ting-Lu|Vessel of Ruin\n|move|p2a: Maushold|Super Fang|p1a: Amoonguss\n|-damage|p1a: Amoonguss|50\/100\n|move|p1b: Dragonite|Tera Blast|p2b: Ting-Lu\n|-damage|p2b: Ting-Lu|76\/100\n|move|p1a: Amoonguss|Spore|p2b: Ting-Lu\n|-status|p2b: Ting-Lu|slp|[from] move: Spore\n|\n|upkeep\n|turn|5\n|inactive|nemui00000208 has 30 seconds left.\n|\n|t:|1681905553\n|switch|p1a: Orthworm|Orthworm, L50, F|100\/100\n|move|p2a: Maushold|Protect|p2a: Maushold\n|-singleturn|p2a: Maushold|Protect\n|move|p1b: Dragonite|Tera Blast|p2a: Maushold\n|-activate|p2a: Maushold|move: Protect\n|cant|p2b: Ting-Lu|slp\n|\n|upkeep\n|turn|6\n|inactive|Alaskan_fisher has 30 seconds left.\n|\n|t:|1681905580\n|switch|p2a: Palafin|Palafin-Hero, L50, F, tera:Water|100\/100\n|switch|p1b: Ting-Lu|Ting-Lu, L50|100\/100\n|-ability|p1b: Ting-Lu|Vessel of Ruin\n|move|p1a: Orthworm|Iron Defense|p1a: Orthworm\n|-boost|p1a: Orthworm|def|2\n|cant|p2b: Ting-Lu|slp\n|\n|upkeep\n|turn|7\n|\n|t:|1681905598\n|switch|p1b: Amoonguss|Amoonguss, L50, M|84\/100\n|move|p2a: Palafin|Haze|p2a: Palafin\n|-clearallboost\n|move|p1a: Orthworm|Body Press|p2b: Ting-Lu\n|-supereffective|p2b: Ting-Lu\n|-damage|p2b: Ting-Lu|49\/100 slp\n|cant|p2b: Ting-Lu|slp\n|\n|upkeep\n|turn|8\n|\n|t:|1681905615\n|switch|p2b: Maushold|Maushold-Four, L50|49\/100\n|move|p2a: Palafin|Protect|p2a: Palafin\n|-singleturn|p2a: Palafin|Protect\n|move|p1a: Orthworm|Body Press|p2b: Maushold\n|-supereffective|p2b: Maushold\n|-damage|p2b: Maushold|0 fnt\n|faint|p2b: Maushold\n|move|p1b: Amoonguss|Spore|p2a: Palafin\n|-activate|p2a: Palafin|move: Protect\n|\n|upkeep\n|\n|t:|1681905626\n|switch|p2b: Ting-Lu|Ting-Lu, L50|49\/100 slp\n|-ability|p2b: Ting-Lu|Vessel of Ruin\n|turn|9\n|-message|Alaskan_fisher forfeited.\n|\n|win|nemui00000208\n|raw|nemui00000208's rating: 1215 → 1237<\/strong> (+22 for winning)\n|raw|Alaskan_fisher's rating: 1179 → 1157<\/strong> (-22 for losing)\n","uploadtime":1681905635,"views":12,"p1id":"nemui00000208","p2id":"alaskanfisher","formatid":"gen9vgc2023regulationc","rating":1157,"private":0,"password":""}