{"id":"gen9vgc2023regulationc-1846768159","p1":"Ricardo Randorez","p2":"Dorime_Doge","format":"[Gen 9] VGC 2023 Regulation C","log":"|j|\u2606Ricardo Randorez\n|j|\u2606Dorime_Doge\n|t:|1681876294\n|gametype|doubles\n|player|p1|Ricardo Randorez|170|1195\n|player|p2|Dorime_Doge|colress|1256\n|teamsize|p1|6\n|teamsize|p2|6\n|gen|9\n|tier|[Gen 9] VGC 2023 Regulation C\n|rated|\n|rule|Species Clause: Limit one of each Pok\u00e9mon\n|rule|Item Clause: Limit one of each item\n|clearpoke\n|poke|p1|Arcanine, L50, M|\n|poke|p1|Gyarados, L50, F|\n|poke|p1|Gothitelle, L50, M|\n|poke|p1|Iron Jugulis, L50|\n|poke|p1|Dragonite, L50, M|\n|poke|p1|Ting-Lu, L50|\n|poke|p2|Dragonite, L50, M|\n|poke|p2|Annihilape, L50, M|\n|poke|p2|Chien-Pao, L50|\n|poke|p2|Arcanine, L50, F|\n|poke|p2|Ting-Lu, L50|\n|poke|p2|Gholdengo, L50|\n|teampreview|4\nDorime_Doge rejected open team sheets.\n|\n|t:|1681876330\n|start\n|switch|p1a: Gyarados|Gyarados, L50, F|100\/100\n|switch|p1b: Iron Jugulis|Iron Jugulis, L50|100\/100\n|switch|p2a: Annihilape|Annihilape, L50, M|100\/100\n|switch|p2b: Dragonite|Dragonite, L50, M|100\/100\n|-ability|p1a: Gyarados|Intimidate|boost\n|-unboost|p2a: Annihilape|atk|1\n|-ability|p2a: Annihilape|Defiant|boost\n|-boost|p2a: Annihilape|atk|2\n|-unboost|p2b: Dragonite|atk|1\n|-enditem|p1b: Iron Jugulis|Booster Energy\n|-activate|p1b: Iron Jugulis|ability: Quark Drive|[fromitem]\n|-start|p1b: Iron Jugulis|quarkdrivespe\n|turn|1\n|inactive|Battle timer is ON: inactive players will automatically lose when time's up. (requested by Ricardo Randorez)\n|inactive|Dorime_Doge has 60 seconds left.\n|\n|t:|1681876375\n|-terastallize|p1a: Gyarados|Flying\n|move|p1b: Iron Jugulis|Air Slash|p2a: Annihilape\n|-supereffective|p2a: Annihilape\n|-damage|p2a: Annihilape|30\/100\n|cant|p2a: Annihilape|flinch\n|move|p1a: Gyarados|Tera Blast|p2a: Annihilape\n|-supereffective|p2a: Annihilape\n|-damage|p2a: Annihilape|0 fnt\n|faint|p2a: Annihilape\n|move|p2b: Dragonite|Dragon Tail|p1a: Gyarados|[miss]\n|-miss|p2b: Dragonite|p1a: Gyarados\n|\n|upkeep\n|\n|t:|1681876390\n|switch|p2a: Chien-Pao|Chien-Pao, L50|100\/100\n|-ability|p2a: Chien-Pao|Sword of Ruin\n|turn|2\n|\n|t:|1681876415\n|switch|p1a: Arcanine|Arcanine, L50, M|100\/100\n|-ability|p1a: Arcanine|Intimidate|boost\n|-unboost|p2a: Chien-Pao|atk|1\n|-unboost|p2b: Dragonite|atk|1\n|-terastallize|p2b: Dragonite|Normal\n|move|p1b: Iron Jugulis|Tailwind|p1b: Iron Jugulis\n|-sidestart|p1: Ricardo Randorez|move: Tailwind\n|move|p2a: Chien-Pao|Ice Spinner|p1a: Arcanine\n|-resisted|p1a: Arcanine\n|-crit|p1a: Arcanine\n|-damage|p1a: Arcanine|61\/100\n|move|p2b: Dragonite|Dragon Tail|p1b: Iron Jugulis\n|-damage|p1b: Iron Jugulis|60\/100\n|-end|p1b: Iron Jugulis|Quark Drive|[silent]\n|drag|p1b: Dragonite|Dragonite, L50, M|100\/100\n|\n|upkeep\n|turn|3\n|inactive|Ricardo Randorez has 30 seconds left.\n|\n|t:|1681876444\n|move|p1b: Dragonite|Extreme Speed|p2a: Chien-Pao\n|-damage|p2a: Chien-Pao|39\/100\n|move|p1a: Arcanine|Howl|p1a: Arcanine|[spread] p1a,p1b\n|-boost|p1a: Arcanine|atk|1\n|-boost|p1b: Dragonite|atk|1\n|move|p2a: Chien-Pao|Ice Spinner|p1b: Dragonite\n|-supereffective|p1b: Dragonite\n|-damage|p1b: Dragonite|0 fnt\n|faint|p1b: Dragonite\n|move|p2b: Dragonite|Dragon Tail|p1a: Arcanine\n|-damage|p1a: Arcanine|21\/100\n|drag|p1a: Iron Jugulis|Iron Jugulis, L50|60\/100\n|\n|upkeep\n|\n|t:|1681876460\n|switch|p1b: Arcanine|Arcanine, L50, M|21\/100\n|-ability|p1b: Arcanine|Intimidate|boost\n|-unboost|p2a: Chien-Pao|atk|1\n|-unboost|p2b: Dragonite|atk|1\n|turn|4\n|\n|t:|1681876476\n|move|p2a: Chien-Pao|Protect|p2a: Chien-Pao\n|-singleturn|p2a: Chien-Pao|Protect\n|move|p1a: Iron Jugulis|Air Slash|p2b: Dragonite\n|-damage|p2b: Dragonite|83\/100\n|move|p1b: Arcanine|Flare Blitz|p2a: Chien-Pao\n|-activate|p2a: Chien-Pao|move: Protect\n|move|p2b: Dragonite|Dragon Tail|p1a: Iron Jugulis\n|-damage|p1a: Iron Jugulis|29\/100\n|-end|p1a: Iron Jugulis|Quark Drive|[silent]\n|drag|p1a: Gyarados|Gyarados, L50, F, tera:Flying|100\/100\n|-ability|p1a: Gyarados|Intimidate|boost\n|-unboost|p2a: Chien-Pao|atk|1\n|-unboost|p2b: Dragonite|atk|1\n|\n|upkeep\n|turn|5\n|\n|t:|1681876495\n|move|p1b: Arcanine|Flare Blitz|p2a: Chien-Pao\n|-supereffective|p2a: Chien-Pao\n|-damage|p2a: Chien-Pao|0 fnt\n|faint|p2a: Chien-Pao\n|-damage|p1b: Arcanine|11\/100|[from] Recoil\n|move|p1a: Gyarados|Dragon Dance|p1a: Gyarados\n|-boost|p1a: Gyarados|atk|1\n|-boost|p1a: Gyarados|spe|1\n|move|p2b: Dragonite|Dragon Tail|p1b: Arcanine\n|-damage|p1b: Arcanine|0 fnt\n|faint|p1b: Arcanine\n|\n|-sideend|p1: Ricardo Randorez|move: Tailwind\n|upkeep\n|\n|t:|1681876510\n|switch|p2a: Gholdengo|Gholdengo, L50|100\/100\n|switch|p1b: Iron Jugulis|Iron Jugulis, L50|29\/100\n|turn|6\n|\n|t:|1681876522\n|move|p2a: Gholdengo|Protect|p2a: Gholdengo\n|-singleturn|p2a: Gholdengo|Protect\n|move|p1a: Gyarados|Tera Blast|p2a: Gholdengo\n|-activate|p2a: Gholdengo|move: Protect\n|move|p1b: Iron Jugulis|Tailwind|p1b: Iron Jugulis\n|-sidestart|p1: Ricardo Randorez|move: Tailwind\n|move|p2b: Dragonite|Dragon Tail|p1a: Gyarados\n|-damage|p1a: Gyarados|83\/100\n|\n|upkeep\n|turn|7\n|\n|t:|1681876540\n|move|p1a: Gyarados|Tera Blast|p2a: Gholdengo\n|-resisted|p2a: Gholdengo\n|-damage|p2a: Gholdengo|59\/100\n|move|p1b: Iron Jugulis|Snarl|p2b: Dragonite|[spread] p2a,p2b\n|-supereffective|p2a: Gholdengo\n|-damage|p2a: Gholdengo|14\/100\n|-damage|p2b: Dragonite|63\/100\n|-unboost|p2a: Gholdengo|spa|1\n|-unboost|p2b: Dragonite|spa|1\n|move|p2a: Gholdengo|Nasty Plot|p2a: Gholdengo\n|-boost|p2a: Gholdengo|spa|2\n|move|p2b: Dragonite|Dragon Tail|p1b: Iron Jugulis|[miss]\n|-miss|p2b: Dragonite|p1b: Iron Jugulis\n|\n|upkeep\n|turn|8\n|\n|t:|1681876562\n|move|p2a: Gholdengo|Protect|p2a: Gholdengo\n|-singleturn|p2a: Gholdengo|Protect\n|move|p1a: Gyarados|Tera Blast|p2a: Gholdengo\n|-activate|p2a: Gholdengo|move: Protect\n|move|p1b: Iron Jugulis|Air Slash|p2b: Dragonite\n|-damage|p2b: Dragonite|28\/100\n|move|p2b: Dragonite|Dragon Tail|p1b: Iron Jugulis\n|-damage|p1b: Iron Jugulis|10\/100\n|\n|upkeep\n|turn|9\n|\n|t:|1681876581\n|move|p1a: Gyarados|Tera Blast|p2b: Dragonite\n|-damage|p2b: Dragonite|0 fnt\n|faint|p2b: Dragonite\n|move|p1b: Iron Jugulis|Air Slash|p2a: Gholdengo\n|-resisted|p2a: Gholdengo\n|-damage|p2a: Gholdengo|0 fnt\n|faint|p2a: Gholdengo\n|\n|win|Ricardo Randorez\n|raw|Ricardo Randorez's rating: 1195 → 1224<\/strong> (+29 for winning)\n|raw|Dorime_Doge's rating: 1256 → 1227<\/strong> (-29 for losing)\n|c|\u2606Dorime_Doge|gg\n","uploadtime":1681876591,"views":7,"p1id":"ricardorandorez","p2id":"dorimedoge","formatid":"gen9vgc2023regulationc","rating":1224,"private":0,"password":""}