{"id":"gen9vgc2023regulationc-1847301854","p1":"Ricardo Randorez","p2":"BlackSam88","format":"[Gen 9] VGC 2023 Regulation C","log":"|j|\u2606Ricardo Randorez\n|j|\u2606BlackSam88\n|t:|1681936293\n|gametype|doubles\n|player|p1|Ricardo Randorez|1|1064\n|player|p2|BlackSam88|2|1000\n|teamsize|p1|6\n|teamsize|p2|6\n|gen|9\n|tier|[Gen 9] VGC 2023 Regulation C\n|rated|\n|rule|Species Clause: Limit one of each Pok\u00e9mon\n|rule|Item Clause: Limit one of each item\n|clearpoke\n|poke|p1|Gyarados, L50, M|\n|poke|p1|Arcanine, L50, M|\n|poke|p1|Dragonite, L50, F|\n|poke|p1|Great Tusk, L50|\n|poke|p1|Iron Jugulis, L50|\n|poke|p1|Chien-Pao, L50|\n|poke|p2|Chansey, L50, F|\n|poke|p2|Dragonite, L50, M|\n|poke|p2|Corviknight, L50, F|\n|poke|p2|Gyarados, L50, M|\n|poke|p2|Glimmora, L50, M|\n|poke|p2|Maushold, L50|\n|teampreview|4\n|\n|t:|1681936323\n|start\n|switch|p1a: Iron Jugulis|Iron Jugulis, L50|100\/100\n|switch|p1b: Great Tusk|Great Tusk, L50|100\/100\n|switch|p2a: Glimmora|Glimmora, L50, M|100\/100\n|switch|p2b: Maushold|Maushold, L50|100\/100\n|-enditem|p1a: Iron Jugulis|Booster Energy\n|-activate|p1a: Iron Jugulis|ability: Quark Drive|[fromitem]\n|-start|p1a: Iron Jugulis|quarkdrivespe\n|turn|1\n|inactive|Battle timer is ON: inactive players will automatically lose when time's up. (requested by Ricardo Randorez)\n|inactive|BlackSam88 has 60 seconds left.\n|\n|t:|1681936370\n|move|p1a: Iron Jugulis|Tailwind|p1a: Iron Jugulis\n|-sidestart|p1: Ricardo Randorez|move: Tailwind\n|move|p1b: Great Tusk|Earthquake|p2b: Maushold|[spread] p2a,p2b\n|-immune|p1a: Iron Jugulis\n|-supereffective|p2a: Glimmora\n|-damage|p2a: Glimmora|0 fnt\n|-damage|p2b: Maushold|49\/100\n|-activate|p2a: Glimmora|ability: Toxic Debris\n|-sidestart|p1: Ricardo Randorez|move: Toxic Spikes\n|faint|p2a: Glimmora\n|move|p2b: Maushold|Population Bomb|p1a: Iron Jugulis\n|-damage|p1a: Iron Jugulis|95\/100\n|-damage|p1a: Iron Jugulis|88\/100\n|-damage|p1a: Iron Jugulis|81\/100\n|-damage|p1a: Iron Jugulis|74\/100\n|-damage|p1a: Iron Jugulis|69\/100\n|-damage|p1a: Iron Jugulis|63\/100\n|-damage|p1a: Iron Jugulis|56\/100\n|-damage|p1a: Iron Jugulis|49\/100\n|-damage|p1a: Iron Jugulis|43\/100\n|-hitcount|p1a: Iron Jugulis|9\n|\n|upkeep\n|\n|t:|1681936394\n|switch|p2a: Gyarados|Gyarados, L50, M|100\/100\n|-ability|p2a: Gyarados|Intimidate|boost\n|-unboost|p1a: Iron Jugulis|atk|1\n|-unboost|p1b: Great Tusk|atk|1\n|turn|2\n|\n|t:|1681936417\n|-end|p1a: Iron Jugulis|Quark Drive|[silent]\n|switch|p1a: Arcanine|Arcanine, L50, M|100\/100\n|-status|p1a: Arcanine|psn\n|-ability|p1a: Arcanine|Intimidate|boost\n|-unboost|p2a: Gyarados|atk|1\n|-unboost|p2b: Maushold|atk|1\n|-end|p1b: Great Tusk|Protosynthesis|[silent]\n|switch|p1b: Gyarados|Gyarados, L50, M|100\/100\n|move|p2b: Maushold|Population Bomb|p1a: Arcanine\n|-damage|p1a: Arcanine|96\/100 psn\n|-damage|p1a: Arcanine|91\/100 psn\n|-damage|p1a: Arcanine|87\/100 psn\n|-damage|p1a: Arcanine|82\/100 psn\n|-damage|p1a: Arcanine|78\/100 psn\n|-damage|p1a: Arcanine|73\/100 psn\n|-crit|p1a: Arcanine\n|-damage|p1a: Arcanine|65\/100 psn\n|-damage|p1a: Arcanine|60\/100 psn\n|-hitcount|p1a: Arcanine|8\n|move|p2a: Gyarados|Waterfall|p1b: Gyarados\n|-resisted|p1b: Gyarados\n|-damage|p1b: Gyarados|84\/100\n|\n|-damage|p1a: Arcanine|48\/100 psn|[from] psn\n|upkeep\n|turn|3\n|inactive|Ricardo Randorez has 30 seconds left.\n|inactive|BlackSam88 has 30 seconds left.\n|\n|t:|1681936449\n|move|p1b: Gyarados|Dragon Dance|p1b: Gyarados\n|-boost|p1b: Gyarados|atk|1\n|-boost|p1b: Gyarados|spe|1\n|move|p1a: Arcanine|Howl|p1a: Arcanine|[spread] p1a,p1b\n|-boost|p1a: Arcanine|atk|1\n|-boost|p1b: Gyarados|atk|1\n|move|p2b: Maushold|Population Bomb|p1b: Gyarados\n|-damage|p1b: Gyarados|79\/100\n|-damage|p1b: Gyarados|75\/100\n|-damage|p1b: Gyarados|71\/100\n|-damage|p1b: Gyarados|66\/100\n|-damage|p1b: Gyarados|61\/100\n|-damage|p1b: Gyarados|58\/100\n|-damage|p1b: Gyarados|53\/100\n|-hitcount|p1b: Gyarados|7\n|move|p2a: Gyarados|Waterfall|p1a: Arcanine\n|-supereffective|p1a: Arcanine\n|-damage|p1a: Arcanine|0 fnt\n|faint|p1a: Arcanine\n|\n|upkeep\n|\n|t:|1681936470\n|switch|p1a: Iron Jugulis|Iron Jugulis, L50|43\/100\n|turn|4\n|\n|t:|1681936482\n|move|p1a: Iron Jugulis|Protect|p1a: Iron Jugulis\n|-singleturn|p1a: Iron Jugulis|Protect\n|move|p1b: Gyarados|Waterfall|p2b: Maushold\n|-crit|p2b: Maushold\n|-damage|p2b: Maushold|0 fnt\n|faint|p2b: Maushold\n|-ability|p1b: Gyarados|Moxie|boost\n|-boost|p1b: Gyarados|atk|1\n|move|p2a: Gyarados|Ice Beam|p1a: Iron Jugulis\n|-activate|p1a: Iron Jugulis|move: Protect\n|\n|-sideend|p1: Ricardo Randorez|move: Tailwind\n|upkeep\n|\n|t:|1681936495\n|switch|p2b: Corviknight|Corviknight, L50, F|100\/100\n|-ability|p2b: Corviknight|Pressure\n|turn|5\n|\n|t:|1681936506\n|-terastallize|p1b: Gyarados|Flying\n|move|p1b: Gyarados|Tera Blast|p2a: Gyarados\n|-damage|p2a: Gyarados|0 fnt\n|faint|p2a: Gyarados\n|-ability|p1b: Gyarados|Moxie|boost\n|-boost|p1b: Gyarados|atk|1\n|move|p1a: Iron Jugulis|Tailwind|p1a: Iron Jugulis\n|-sidestart|p1: Ricardo Randorez|move: Tailwind\n|move|p2b: Corviknight|Brave Bird|p2: Gyarados|[notarget]\n|-fail|p2b: Corviknight\n|\n|upkeep\n|turn|6\n|\n|t:|1681936524\n|move|p1b: Gyarados|Tera Blast|p2b: Corviknight\n|-resisted|p2b: Corviknight\n|-damage|p2b: Corviknight|40\/100\n|move|p1a: Iron Jugulis|Air Slash|p2b: Corviknight\n|-resisted|p2b: Corviknight\n|-damage|p2b: Corviknight|26\/100\n|move|p2b: Corviknight|Brave Bird|p1a: Iron Jugulis\n|-damage|p1a: Iron Jugulis|2\/100\n|-damage|p2b: Corviknight|15\/100|[from] Recoil\n|\n|-heal|p2b: Corviknight|20\/100|[from] item: Leftovers\n|upkeep\n|turn|7\n|\n|t:|1681936540\n|move|p1b: Gyarados|Tera Blast|p2b: Corviknight\n|-resisted|p2b: Corviknight\n|-damage|p2b: Corviknight|0 fnt\n|faint|p2b: Corviknight\n|\n|win|Ricardo Randorez\n|raw|Ricardo Randorez's rating: 1064 → 1089<\/strong> (+25 for winning)\n|raw|BlackSam88's rating: 1000 → 1000<\/strong> (+0 for losing)\n|l|\u2606BlackSam88\n","uploadtime":1681936547,"views":6,"p1id":"ricardorandorez","p2id":"blacksam88","formatid":"gen9vgc2023regulationc","rating":1000,"private":0,"password":""}