{"id":"gen9vgc2023regulationc-1860285210","p1":"Abbasanta","p2":"Rateder","format":"[Gen 9] VGC 2023 Regulation C","log":"|j|\u2606Abbasanta\n|j|\u2606Rateder\n|t:|1683625743\n|gametype|doubles\n|player|p1|Abbasanta|nate|1528\n|player|p2|Rateder|ethan|1446\n|teamsize|p1|6\n|teamsize|p2|6\n|gen|9\n|tier|[Gen 9] VGC 2023 Regulation C\n|rated|\n|rule|Species Clause: Limit one of each Pok\u00e9mon\n|rule|Item Clause: Limit one of each item\n|clearpoke\n|poke|p1|Maushold-Four, L50|\n|poke|p1|Flutter Mane, L50|\n|poke|p1|Breloom, L50, M|\n|poke|p1|Kingambit, L50, M|\n|poke|p1|Chi-Yu, L50|\n|poke|p1|Azumarill, L50, M|\n|poke|p2|Flutter Mane, L50|\n|poke|p2|Orthworm, L50, M|\n|poke|p2|Maushold-Four, L50|\n|poke|p2|Annihilape, L50, F|\n|poke|p2|Ting-Lu, L50|\n|poke|p2|Gyarados, L50, F|\n|teampreview|4\n|inactive|Battle timer is ON: inactive players will automatically lose when time's up. (requested by Rateder)\nRateder has agreed to open team sheets.\nAbbasanta has agreed to open team sheets.\n|j| THUNDERSND77\n|inactive|Abbasanta has 60 seconds left.\n|inactive|Rateder has 60 seconds left.\n|inactive|Abbasanta has 30 seconds left.\n|inactive|Abbasanta has 20 seconds left.\n|inactive|Abbasanta has 15 seconds left.\n|inactive|Abbasanta has 10 seconds left.\n|\n|t:|1683625827\n|start\n|switch|p1a: Breloom|Breloom, L50, M, shiny|100\/100\n|switch|p1b: Maushold|Maushold-Four, L50|100\/100\n|switch|p2a: Maushold|Maushold-Four, L50|100\/100\n|switch|p2b: Annihilape|Annihilape, L50, F|100\/100\n|turn|1\n|inactive|Rateder has 30 seconds left.\n|\n|t:|1683625855\n|-terastallize|p2a: Maushold|Ghost\n|move|p2a: Maushold|Follow Me|p2a: Maushold\n|-singleturn|p2a: Maushold|move: Follow Me\n|move|p1b: Maushold|Taunt|p2a: Maushold\n|-start|p2a: Maushold|move: Taunt\n|move|p1a: Breloom|Bullet Seed|p2a: Maushold\n|-damage|p2a: Maushold|72\/100\n|-damage|p2a: Maushold|43\/100\n|-damage|p2a: Maushold|14\/100\n|-hitcount|p2a: Maushold|3\n|move|p2b: Annihilape|Drain Punch|p1b: Maushold\n|-supereffective|p1b: Maushold\n|-damage|p1b: Maushold|0 fnt\n|faint|p1b: Maushold\n|\n|upkeep\n|\n|t:|1683625880\n|switch|p1b: Flutter Mane|Flutter Mane, L50|100\/100\n|-enditem|p1b: Flutter Mane|Booster Energy\n|-activate|p1b: Flutter Mane|ability: Protosynthesis|[fromitem]\n|-start|p1b: Flutter Mane|protosynthesisspa\n|turn|2\n|inactive|Rateder has 30 seconds left.\n|\n|t:|1683625914\n|switch|p2a: Gyarados|Gyarados, L50, F, shiny|100\/100\n|-ability|p2a: Gyarados|Intimidate|boost\n|-unboost|p1a: Breloom|atk|1\n|-unboost|p1b: Flutter Mane|atk|1\n|move|p1b: Flutter Mane|Icy Wind|p2b: Annihilape|[spread] p2a,p2b\n|-damage|p2a: Gyarados|85\/100\n|-damage|p2b: Annihilape|83\/100\n|-unboost|p2a: Gyarados|spe|1\n|-unboost|p2b: Annihilape|spe|1\n|-ability|p2b: Annihilape|Defiant|boost\n|-boost|p2b: Annihilape|atk|2\n|move|p1a: Breloom|Spore|p2b: Annihilape\n|-status|p2b: Annihilape|slp|[from] move: Spore\n|cant|p2b: Annihilape|slp\n|\n|-heal|p2b: Annihilape|89\/100 slp|[from] item: Leftovers\n|upkeep\n|turn|3\n|inactive|Rateder has 30 seconds left.\n|\n|t:|1683625940\n|-curestatus|p2b: Annihilape|slp|[msg]\n|move|p2b: Annihilape|Protect|p2b: Annihilape\n|-singleturn|p2b: Annihilape|Protect\n|move|p1b: Flutter Mane|Shadow Ball|p2b: Annihilape\n|-activate|p2b: Annihilape|move: Protect\n|move|p1a: Breloom|Bullet Seed|p2b: Annihilape\n|-activate|p2b: Annihilape|move: Protect\n|move|p2a: Gyarados|Thunder Wave|p1a: Breloom\n|-status|p1a: Breloom|par\n|\n|-heal|p2b: Annihilape|95\/100|[from] item: Leftovers\n|upkeep\n|turn|4\n|inactive|Abbasanta has 30 seconds left.\n|inactive|Rateder has 30 seconds left.\n|\n|t:|1683625968\n|move|p1b: Flutter Mane|Icy Wind|p2b: Annihilape|[spread] p2a,p2b\n|-damage|p2a: Gyarados|68\/100\n|-damage|p2b: Annihilape|79\/100\n|-unboost|p2a: Gyarados|spe|1\n|-unboost|p2b: Annihilape|spe|1\n|-ability|p2b: Annihilape|Defiant|boost\n|-boost|p2b: Annihilape|atk|2\n|cant|p1a: Breloom|par\n|move|p2a: Gyarados|Thunder Wave|p1b: Flutter Mane\n|-status|p1b: Flutter Mane|par\n|move|p2b: Annihilape|Rage Fist|p1b: Flutter Mane\n|-supereffective|p1b: Flutter Mane\n|-damage|p1b: Flutter Mane|0 fnt\n|faint|p1b: Flutter Mane\n|-end|p1b: Flutter Mane|Protosynthesis|[silent]\n|\n|-heal|p2b: Annihilape|85\/100|[from] item: Leftovers\n|upkeep\n|\n|t:|1683625984\n|switch|p1b: Azumarill|Azumarill, L50, M|100\/100\n|turn|5\n|\n|t:|1683626000\n|move|p2b: Annihilape|Protect|p2b: Annihilape\n|-singleturn|p2b: Annihilape|Protect\n|move|p1b: Azumarill|Liquidation|p2b: Annihilape\n|-activate|p2b: Annihilape|move: Protect\n|move|p1a: Breloom|Spore|p2a: Gyarados\n|-status|p2a: Gyarados|slp|[from] move: Spore\n|cant|p2a: Gyarados|slp\n|\n|-heal|p2b: Annihilape|91\/100|[from] item: Leftovers\n|upkeep\n|turn|6\n|\n|t:|1683626025\n|switch|p2a: Maushold|Maushold-Four, L50, tera:Ghost|14\/100\n|move|p1b: Azumarill|Play Rough|p2a: Maushold\n|-damage|p2a: Maushold|0 fnt\n|faint|p2a: Maushold\n|move|p1a: Breloom|Spore|p2b: Annihilape\n|-status|p2b: Annihilape|slp|[from] move: Spore\n|cant|p2b: Annihilape|slp\n|\n|-heal|p2b: Annihilape|97\/100 slp|[from] item: Leftovers\n|upkeep\n|\n|t:|1683626038\n|switch|p2a: Flutter Mane|Flutter Mane, L50|100\/100\n|turn|7\n|inactive|Abbasanta has 30 seconds left.\n|\n|t:|1683626064\n|cant|p2b: Annihilape|slp\n|move|p2a: Flutter Mane|Perish Song|p2a: Flutter Mane\n|-start|p1a: Breloom|perish3|[silent]\n|-start|p1b: Azumarill|perish3|[silent]\n|-start|p2a: Flutter Mane|perish3|[silent]\n|-start|p2b: Annihilape|perish3|[silent]\n|-fieldactivate|move: Perish Song\n|move|p1b: Azumarill|Liquidation|p2b: Annihilape\n|-damage|p2b: Annihilape|51\/100 slp\n|move|p1a: Breloom|Bullet Seed|p2b: Annihilape\n|-damage|p2b: Annihilape|39\/100 slp\n|-damage|p2b: Annihilape|26\/100 slp\n|-damage|p2b: Annihilape|12\/100 slp\n|-damage|p2b: Annihilape|0 fnt\n|faint|p2b: Annihilape\n|-hitcount|p2: Annihilape|4\n|\n|-start|p2a: Flutter Mane|perish3\n|-start|p1b: Azumarill|perish3\n|-start|p1a: Breloom|perish3\n|upkeep\n|\n|t:|1683626081\n|switch|p2b: Gyarados|Gyarados, L50, F, shiny|68\/100 slp\n|-ability|p2b: Gyarados|Intimidate|boost\n|-unboost|p1a: Breloom|atk|1\n|-unboost|p1b: Azumarill|atk|1\n|turn|8\n|\n|t:|1683626099\n|cant|p2b: Gyarados|slp\n|move|p2a: Flutter Mane|Dazzling Gleam|p1b: Azumarill|[spread] p1a,p1b\n|-supereffective|p1a: Breloom\n|-crit|p1a: Breloom\n|-enditem|p1a: Breloom|Focus Sash\n|-damage|p1a: Breloom|1\/100 par\n|-damage|p1b: Azumarill|76\/100\n|move|p1b: Azumarill|Play Rough|p2b: Gyarados\n|-damage|p2b: Gyarados|31\/100 slp\n|cant|p1a: Breloom|par\n|\n|-start|p2a: Flutter Mane|perish2\n|-start|p1b: Azumarill|perish2\n|-start|p1a: Breloom|perish2\n|upkeep\n|turn|9\n|inactive|Abbasanta has 30 seconds left.\n|\n|t:|1683626124\n|cant|p2b: Gyarados|slp\n|move|p1b: Azumarill|Aqua Jet|p2b: Gyarados\n|-resisted|p2b: Gyarados\n|-damage|p2b: Gyarados|22\/100 slp\n|-enditem|p2b: Gyarados|Figy Berry|[eat]\n|-heal|p2b: Gyarados|56\/100 slp|[from] item: Figy Berry\n|move|p1a: Breloom|Mach Punch|p2b: Gyarados\n|-resisted|p2b: Gyarados\n|-damage|p2b: Gyarados|47\/100 slp\n|move|p2a: Flutter Mane|Dazzling Gleam|p1a: Breloom|[spread] p1a,p1b\n|-supereffective|p1a: Breloom\n|-damage|p1a: Breloom|0 fnt\n|-damage|p1b: Azumarill|54\/100\n|faint|p1a: Breloom\n|\n|-start|p2a: Flutter Mane|perish1\n|-start|p1b: Azumarill|perish1\n|upkeep\n|turn|10\n|\n|t:|1683626146\n|-curestatus|p2b: Gyarados|slp|[msg]\n|move|p2b: Gyarados|Protect|p2b: Gyarados\n|-singleturn|p2b: Gyarados|Protect\n|move|p2a: Flutter Mane|Shadow Ball|p1b: Azumarill\n|-damage|p1b: Azumarill|23\/100\n|move|p1b: Azumarill|Play Rough|p2b: Gyarados\n|-activate|p2b: Gyarados|move: Protect\n|\n|-start|p2a: Flutter Mane|perish0\n|-start|p1b: Azumarill|perish0\n|faint|p2a: Flutter Mane\n|-end|p2a: Flutter Mane|Protosynthesis|[silent]\n|faint|p1b: Azumarill\n|\n|win|Rateder\n|upkeep\n|raw|Abbasanta's rating: 1528 → 1503<\/strong> (-25 for losing)\n|raw|Rateder's rating: 1446 → 1471<\/strong> (+25 for winning)\n|l|\u2606Abbasanta\n","uploadtime":1683626159,"views":8,"p1id":"abbasanta","p2id":"rateder","formatid":"gen9vgc2023regulationc","rating":1471,"private":0,"password":""}