{"id":"gen9vgc2023regulationc-1845737951","p1":"TwinnPines","p2":"TheFlareVGC","format":"[Gen 9] VGC 2023 Regulation C","log":"|j|\u2606TwinnPines\n|j|\u2606TheFlareVGC\n|t:|1681759980\n|gametype|doubles\n|player|p1|TwinnPines|ninjaboy|\n|player|p2|TheFlareVGC|hilbert-wonderlauncher|\n|teamsize|p1|6\n|teamsize|p2|6\n|gen|9\n|tier|[Gen 9] VGC 2023 Regulation C\n|rule|Species Clause: Limit one of each Pok\u00e9mon\n|rule|Item Clause: Limit one of each item\n|clearpoke\n|poke|p1|Finizen, L50, F|\n|poke|p1|Flittle, L50, F|\n|poke|p1|Smoliv, L50, F|\n|poke|p1|Noibat, L50, M|\n|poke|p1|Tinkatink, L50, F|\n|poke|p1|Larvesta, L50, M|\n|poke|p2|Gastly, L50, M|\n|poke|p2|Mudbray, L50, F|\n|poke|p2|Wattrel, L50, F|\n|poke|p2|Quaxly, L50, F|\n|poke|p2|Litleo, L50, F|\n|poke|p2|Drowzee, L50, M|\n|teampreview|4\n|c|\u2606TwinnPines|g1\n|c|\u2606TwinnPines|gimme a sec forgot the tera thing\n|\n|t:|1681760174\n|start\n|switch|p1a: Finizen|Finizen, L50, F, shiny|100\/100\n|switch|p1b: Noibat|Noibat, L50, M|100\/100\n|switch|p2a: Gastly|Gastly, L50, M|100\/100\n|switch|p2b: Wattrel|Wattrel, L50, F|100\/100\n|-item|p2a: Gastly|Focus Sash|[from] ability: Frisk|[of] p1b: Noibat|[identify]\n|-item|p2b: Wattrel|Covert Cloak|[from] ability: Frisk|[of] p1b: Noibat|[identify]\n|turn|1\n|c|\u2606TheFlareVGC|glhf!\n|\n|t:|1681760209\n|move|p2a: Gastly|Protect|p2a: Gastly\n|-singleturn|p2a: Gastly|Protect\n|move|p1a: Finizen|Icy Wind|p2b: Wattrel|[spread] p2b\n|-activate|p2a: Gastly|move: Protect\n|-supereffective|p2b: Wattrel\n|-damage|p2b: Wattrel|57\/100\n|-start|p2b: Wattrel|Charge|Icy Wind|[from] ability: Wind Power\n|move|p2b: Wattrel|Tailwind|p2b: Wattrel\n|-sidestart|p2: TheFlareVGC|move: Tailwind\n|-start|p2b: Wattrel|Charge|Tailwind|[from] ability: Wind Power\n|move|p1b: Noibat|Draco Meteor|p2b: Wattrel\n|-damage|p2b: Wattrel|0 fnt\n|-unboost|p1b: Noibat|spa|2\n|faint|p2b: Wattrel\n|\n|upkeep\n|\n|t:|1681760225\n|switch|p2b: Mudbray|Mudbray, L50, F|100\/100\n|turn|2\n|\n|t:|1681760246\n|move|p2a: Gastly|Energy Ball|p1a: Finizen\n|-supereffective|p1a: Finizen\n|-damage|p1a: Finizen|0 fnt\n|faint|p1a: Finizen\n|move|p2b: Mudbray|Rock Slide|p1b: Noibat\n|-supereffective|p1b: Noibat\n|-damage|p1b: Noibat|0 fnt\n|faint|p1b: Noibat\n|\n|upkeep\n|\n|t:|1681760251\n|switch|p1a: Smoliv|Smoliv, L50, F|100\/100\n|switch|p1b: Larvesta|Larvesta, L50, M|100\/100\n|turn|3\n|\n|t:|1681760300\n|-terastallize|p2a: Gastly|Ghost\n|-terastallize|p1b: Larvesta|Water\n|move|p2a: Gastly|Shadow Ball|p1b: Larvesta\n|-damage|p1b: Larvesta|10\/100\n|move|p2b: Mudbray|High Horsepower|p1b: Larvesta\n|-damage|p1b: Larvesta|0 fnt\n|faint|p1b: Larvesta\n|move|p1a: Smoliv|Leech Seed|p2b: Mudbray|[miss]\n|-miss|p1a: Smoliv|p2b: Mudbray\n|\n|upkeep\n|turn|4\n|c|\u2606TwinnPines|ripo\n|\n|t:|1681760319\n|switch|p2a: Quaxly|Quaxly, L50, F|100\/100\n|move|p1a: Smoliv|Protect|p1a: Smoliv\n|-singleturn|p1a: Smoliv|Protect\n|move|p2b: Mudbray|Rock Slide|p1a: Smoliv\n|-activate|p1a: Smoliv|move: Protect\n|\n|-sideend|p2: TheFlareVGC|move: Tailwind\n|upkeep\n|turn|5\n|\n|t:|1681760328\n|switch|p2b: Gastly|Gastly, L50, M, tera:Ghost|100\/100\n|move|p2a: Quaxly|Brave Bird|p1a: Smoliv\n|-supereffective|p1a: Smoliv\n|-damage|p1a: Smoliv|0 fnt\n|faint|p1a: Smoliv\n|-damage|p2a: Quaxly|63\/100|[from] Recoil\n|-damage|p2a: Quaxly|53\/100|[from] item: Life Orb\n|\n|win|TheFlareVGC\n|c|\u2606TheFlareVGC|gg!\n|c|\u2606TwinnPines|gg\n","uploadtime":1681760336,"views":15,"p1id":"twinnpines","p2id":"theflarevgc","formatid":"gen9vgc2023regulationc","rating":0,"private":0,"password":""}