{"id":"gen9vgc2023regulationc-1857989890","p1":"fakeplayer21","p2":"Behindyaa","format":"[Gen 9] VGC 2023 Regulation C","log":"|j|\u2606fakeplayer21\n|j|\u2606Behindyaa\n|t:|1683256655\n|gametype|doubles\n|player|p1|fakeplayer21|riley|\n|player|p2|Behindyaa|266|\n|teamsize|p1|6\n|teamsize|p2|6\n|gen|9\n|tier|[Gen 9] VGC 2023 Regulation C\n|rule|Species Clause: Limit one of each Pok\u00e9mon\n|rule|Item Clause: Limit one of each item\n|clearpoke\n|poke|p1|Chien-Pao, L50|\n|poke|p1|Dragapult, L50, M|\n|poke|p1|Garganacl, L50, M|\n|poke|p1|Meowscarada, L50, M|\n|poke|p1|Mabosstiff, L50, M|\n|poke|p1|Flareon, L50, M|\n|poke|p2|Iron Hands, L50|\n|poke|p2|Tyranitar, L50, M|\n|poke|p2|Houndstone, L50, F|\n|poke|p2|Arboliva, L50, M|\n|poke|p2|Corviknight, L50, F|\n|poke|p2|Clodsire, L50, F|\n|teampreview|4\nBehindyaa has agreed to open team sheets.\n|c|\u2606fakeplayer21|G1\n|c|\u2606Behindyaa|glhf\n|c|\u2606fakeplayer21|Can you acceot the other 2 challenges\n|c|\u2606Behindyaa|I only got one other one\n|c|\u2606fakeplayer21|glhf\n|c|\u2606Behindyaa|u2\n|\n|t:|1683256973\n|start\n|switch|p1a: Garganacl|Garganacl, L50, M, shiny|100\/100\n|switch|p1b: Mabosstiff|Mabosstiff, L50, M, shiny|100\/100\n|switch|p2a: Corviknight|Corviknight, L50, F|100\/100\n|switch|p2b: Clodsire|Clodsire, L50, F|100\/100\n|-ability|p2a: Corviknight|Pressure\n|turn|1\n|\n|t:|1683257009\n|move|p1b: Mabosstiff|Jaw Lock|p2a: Corviknight\n|-damage|p2a: Corviknight|55\/100\n|-activate|p1b: Mabosstiff|trapped\n|-activate|p2a: Corviknight|trapped\n|move|p2a: Corviknight|Brave Bird|p1b: Mabosstiff\n|-damage|p1b: Mabosstiff|48\/100\n|-damage|p2a: Corviknight|42\/100|[from] Recoil\n|move|p1a: Garganacl|Salt Cure|p2a: Corviknight\n|-damage|p2a: Corviknight|28\/100\n|-start|p2a: Corviknight|Salt Cure\n|move|p2b: Clodsire|Earthquake|p1b: Mabosstiff|[spread] p1a,p1b\n|-immune|p2a: Corviknight\n|-supereffective|p1a: Garganacl\n|-damage|p1a: Garganacl|73\/100\n|-damage|p1b: Mabosstiff|26\/100\n|\n|-heal|p1a: Garganacl|79\/100|[from] item: Leftovers\n|-damage|p2a: Corviknight|3\/100|[from] Salt Cure\n|upkeep\n|turn|2\n|\n|t:|1683257041\n|move|p1b: Mabosstiff|Jaw Lock|p2a: Corviknight\n|-damage|p2a: Corviknight|0 fnt\n|faint|p2a: Corviknight\n|move|p1a: Garganacl|Salt Cure|p2b: Clodsire\n|-resisted|p2b: Clodsire\n|-damage|p2b: Clodsire|92\/100\n|-start|p2b: Clodsire|Salt Cure\n|move|p2b: Clodsire|Earthquake|p1b: Mabosstiff|[spread] p1a,p1b\n|-supereffective|p1a: Garganacl\n|-damage|p1a: Garganacl|51\/100\n|-damage|p1b: Mabosstiff|5\/100\n|\n|-heal|p1a: Garganacl|57\/100|[from] item: Leftovers\n|-heal|p2b: Clodsire|98\/100|[from] item: Black Sludge\n|-damage|p2b: Clodsire|86\/100|[from] Salt Cure\n|upkeep\n|\n|t:|1683257054\n|switch|p2a: Iron Hands|Iron Hands, L50|100\/100\n|-enditem|p2a: Iron Hands|Booster Energy\n|-activate|p2a: Iron Hands|ability: Quark Drive|[fromitem]\n|-start|p2a: Iron Hands|quarkdriveatk\n|turn|3\n|\n|t:|1683257074\n|move|p1b: Mabosstiff|Jaw Lock|p2b: Clodsire\n|-damage|p2b: Clodsire|30\/100\n|-activate|p1b: Mabosstiff|trapped\n|-activate|p2b: Clodsire|trapped\n|move|p2a: Iron Hands|Drain Punch|p1a: Garganacl\n|-supereffective|p1a: Garganacl\n|-damage|p1a: Garganacl|0 fnt\n|faint|p1a: Garganacl\n|move|p2b: Clodsire|Gunk Shot|p1b: Mabosstiff\n|-damage|p1b: Mabosstiff|0 fnt\n|faint|p1b: Mabosstiff\n|\n|-heal|p2b: Clodsire|36\/100|[from] item: Black Sludge\n|-damage|p2b: Clodsire|23\/100|[from] Salt Cure\n|upkeep\n|\n|t:|1683257092\n|switch|p1b: Flareon|Flareon, L50, M, shiny|100\/100\n|switch|p1a: Meowscarada|Meowscarada, L50, M, shiny|100\/100\n|turn|4\n|\n|t:|1683257109\n|-terastallize|p1b: Flareon|Normal\n|move|p1a: Meowscarada|Flower Trick|p2b: Clodsire\n|-crit|p2b: Clodsire\n|-damage|p2b: Clodsire|0 fnt\n|faint|p2b: Clodsire\n|move|p1b: Flareon|Facade|p2a: Iron Hands\n|-damage|p2a: Iron Hands|76\/100\n|move|p2a: Iron Hands|Drain Punch|p1b: Flareon\n|-supereffective|p1b: Flareon\n|-damage|p1b: Flareon|0 fnt\n|-heal|p2a: Iron Hands|100\/100|[from] drain|[of] p1b: Flareon\n|faint|p1b: Flareon\n|\n|upkeep\n|\n|t:|1683257121\n|switch|p2b: Arboliva|Arboliva, L50, M|100\/100\n|turn|5\n|\n|t:|1683257134\n|-terastallize|p2a: Iron Hands|Steel\n|move|p2b: Arboliva|Protect|p2b: Arboliva\n|-singleturn|p2b: Arboliva|Protect\n|move|p1a: Meowscarada|Play Rough|p2a: Iron Hands\n|-resisted|p2a: Iron Hands\n|-damage|p2a: Iron Hands|91\/100\n|move|p2a: Iron Hands|Heavy Slam|p1a: Meowscarada\n|-damage|p1a: Meowscarada|0 fnt\n|faint|p1a: Meowscarada\n|\n|win|Behindyaa\n|c|\u2606fakeplayer21|gg\n|c|\u2606Behindyaa|gg\n","uploadtime":1683257149,"views":17,"p1id":"fakeplayer21","p2id":"behindyaa","formatid":"gen9vgc2023regulationc","rating":0,"private":0,"password":""}