{"id":"gen9vgc2023regulationc-1860555381","p1":"yisus2902","p2":"Fallsover","format":"[Gen 9] VGC 2023 Regulation C","log":"|j|\u2606yisus2902\n|j|\u2606Fallsover\n|t:|1683654163\n|gametype|doubles\n|player|p1|yisus2902|102|1299\n|player|p2|Fallsover|170|1366\n|teamsize|p1|6\n|teamsize|p2|6\n|gen|9\n|tier|[Gen 9] VGC 2023 Regulation C\n|rated|\n|rule|Species Clause: Limit one of each Pok\u00e9mon\n|rule|Item Clause: Limit one of each item\n|clearpoke\n|poke|p1|Farigiraf, L50, M|\n|poke|p1|Garchomp, L50, F|\n|poke|p1|Amoonguss, L50, M|\n|poke|p1|Torkoal, L50, M|\n|poke|p1|Hariyama, L50, F|\n|poke|p1|Palafin, L50, M|\n|poke|p2|Garganacl, L50, F|\n|poke|p2|Ting-Lu, L50|\n|poke|p2|Gyarados, L50, M|\n|poke|p2|Sableye, L50, F|\n|poke|p2|Iron Bundle, L50|\n|poke|p2|Wo-Chien, L50|\n|teampreview|4\n|inactive|Battle timer is ON: inactive players will automatically lose when time's up. (requested by yisus2902)\n|inactive|yisus2902 has 60 seconds left.\n|inactive|Fallsover has 60 seconds left.\n|inactive|Fallsover has 30 seconds left.\n|inactive|Fallsover has 20 seconds left.\n|inactive|Fallsover has 15 seconds left.\n|inactive|Fallsover has 10 seconds left.\n|\n|t:|1683654243\n|start\n|switch|p1a: Hariyama|Hariyama, L50, F|100\/100\n|switch|p1b: Farigiraf|Farigiraf, L50, M|100\/100\n|switch|p2a: Sableye|Sableye, L50, F|100\/100\n|switch|p2b: Iron Bundle|Iron Bundle, L50|100\/100\n|turn|1\n|inactive|Fallsover has 30 seconds left.\n|\n|t:|1683654273\n|-terastallize|p2b: Iron Bundle|Ghost\n|move|p1a: Hariyama|Fake Out|p2b: Iron Bundle\n|-immune|p2b: Iron Bundle\n|move|p2b: Iron Bundle|Freeze-Dry|p1b: Farigiraf\n|-damage|p1b: Farigiraf|62\/100\n|move|p2a: Sableye|Foul Play|p1b: Farigiraf\n|-supereffective|p1b: Farigiraf\n|-damage|p1b: Farigiraf|11\/100\n|move|p1b: Farigiraf|Trick Room|p1b: Farigiraf\n|-fieldstart|move: Trick Room|[of] p1b: Farigiraf\n|\n|-status|p1a: Hariyama|brn|[from] item: Flame Orb\n|upkeep\n|turn|2\n|inactive|Fallsover has 30 seconds left.\n|\n|t:|1683654301\n|move|p2a: Sableye|Light Screen|p2a: Sableye\n|-sidestart|p2: Fallsover|move: Light Screen\n|move|p1a: Hariyama|Knock Off|p2b: Iron Bundle\n|-supereffective|p2b: Iron Bundle\n|-enditem|p2b: Iron Bundle|Focus Sash\n|-damage|p2b: Iron Bundle|1\/100\n|move|p1b: Farigiraf|Dazzling Gleam|p2b: Iron Bundle|[spread] p2a,p2b\n|-supereffective|p2a: Sableye\n|-damage|p2a: Sableye|69\/100\n|-damage|p2b: Iron Bundle|0 fnt\n|faint|p2b: Iron Bundle\n|-end|p2b: Iron Bundle|Quark Drive|[silent]\n|\n|-damage|p1a: Hariyama|95\/100 brn|[from] brn\n|upkeep\n|\n|t:|1683654309\n|switch|p2b: Gyarados|Gyarados, L50, M|100\/100\n|-ability|p2b: Gyarados|Intimidate|boost\n|-unboost|p1a: Hariyama|atk|1\n|-unboost|p1b: Farigiraf|atk|1\n|turn|3\n|\n|t:|1683654321\n|move|p2a: Sableye|Foul Play|p1b: Farigiraf\n|-supereffective|p1b: Farigiraf\n|-damage|p1b: Farigiraf|0 fnt\n|faint|p1b: Farigiraf\n|move|p1a: Hariyama|Knock Off|p2b: Gyarados\n|-damage|p2b: Gyarados|72\/100\n|-enditem|p2b: Gyarados|Safety Goggles|[from] move: Knock Off|[of] p1a: Hariyama\n|move|p2b: Gyarados|Waterfall|p1a: Hariyama\n|-damage|p1a: Hariyama|54\/100 brn\n|\n|-damage|p1a: Hariyama|48\/100 brn|[from] brn\n|upkeep\n|\n|t:|1683654339\n|switch|p1b: Amoonguss|Amoonguss, L50, M|100\/100\n|turn|4\n|\n|t:|1683654350\n|switch|p2b: Wo-Chien|Wo-Chien, L50|100\/100\n|-ability|p2b: Wo-Chien|Tablets of Ruin\n|move|p1b: Amoonguss|Spore|p2b: Wo-Chien\n|-immune|p2b: Wo-Chien\n|move|p1a: Hariyama|Knock Off|p2a: Sableye\n|-damage|p2a: Sableye|32\/100\n|-enditem|p2a: Sableye|Sitrus Berry|[from] move: Knock Off|[of] p1a: Hariyama\n|move|p2a: Sableye|Foul Play|p1a: Hariyama\n|-resisted|p1a: Hariyama\n|-damage|p1a: Hariyama|34\/100 brn\n|\n|-damage|p1a: Hariyama|28\/100 brn|[from] brn\n|upkeep\n|turn|5\n|inactive|yisus2902 has 30 seconds left.\n|inactive|Fallsover has 30 seconds left.\n|\n|t:|1683654376\n|switch|p2b: Gyarados|Gyarados, L50, M|72\/100\n|-ability|p2b: Gyarados|Intimidate|boost\n|-unboost|p1a: Hariyama|atk|1\n|-unboost|p1b: Amoonguss|atk|1\n|move|p2a: Sableye|Will-O-Wisp|p1b: Amoonguss|[miss]\n|-miss|p2a: Sableye|p1b: Amoonguss\n|move|p1b: Amoonguss|Pollen Puff|p2b: Gyarados\n|-resisted|p2b: Gyarados\n|-damage|p2b: Gyarados|66\/100\n|move|p1a: Hariyama|Close Combat|p2b: Gyarados\n|-resisted|p2b: Gyarados\n|-crit|p2b: Gyarados\n|-damage|p2b: Gyarados|3\/100\n|-unboost|p1a: Hariyama|def|1\n|-unboost|p1a: Hariyama|spd|1\n|\n|-damage|p1a: Hariyama|22\/100 brn|[from] brn\n|-fieldend|move: Trick Room\n|upkeep\n|turn|6\n|inactive|yisus2902 has 30 seconds left.\n|inactive|Fallsover has 30 seconds left.\n|inactive|yisus2902 has 20 seconds left.\n|inactive|Fallsover has 20 seconds left.\n|\n|t:|1683654415\n|move|p1b: Amoonguss|Rage Powder|p1b: Amoonguss\n|-singleturn|p1b: Amoonguss|move: Rage Powder\n|move|p2a: Sableye|Will-O-Wisp|p1b: Amoonguss|[miss]\n|-miss|p2a: Sableye|p1b: Amoonguss\n|move|p2b: Gyarados|Waterfall|p1b: Amoonguss\n|-resisted|p1b: Amoonguss\n|-damage|p1b: Amoonguss|84\/100\n|move|p1a: Hariyama|Knock Off|p2a: Sableye\n|-damage|p2a: Sableye|7\/100\n|\n|-damage|p1a: Hariyama|16\/100 brn|[from] brn\n|-sideend|p2: Fallsover|move: Light Screen\n|upkeep\n|turn|7\n|inactive|yisus2902 has 30 seconds left.\n|inactive|yisus2902 has 20 seconds left.\n|inactive|yisus2902 has 15 seconds left.\n|inactive|yisus2902 has 10 seconds left.\n|\n|t:|1683654462\n|switch|p2a: Wo-Chien|Wo-Chien, L50|100\/100\n|-ability|p2a: Wo-Chien|Tablets of Ruin\n|move|p2b: Gyarados|Earthquake|p1b: Amoonguss|[spread] p2a,p1a,p1b\n|-resisted|p2a: Wo-Chien\n|-damage|p2a: Wo-Chien|95\/100\n|-damage|p1a: Hariyama|0 fnt\n|-damage|p1b: Amoonguss|69\/100\n|faint|p1a: Hariyama\n|move|p1b: Amoonguss|Pollen Puff|p1: Hariyama|[notarget]\n|-fail|p1b: Amoonguss\n|\n|upkeep\n|\n|t:|1683654473\n|switch|p1a: Torkoal|Torkoal, L50, M, shiny|100\/100\n|-weather|SunnyDay|[from] ability: Drought|[of] p1a: Torkoal\n|turn|8\n|\n|t:|1683654492\n|move|p1a: Torkoal|Protect|p1a: Torkoal\n|-singleturn|p1a: Torkoal|Protect\n|move|p2b: Gyarados|Earthquake|p1a: Torkoal|[spread] p2a,p1b\n|-activate|p1a: Torkoal|move: Protect\n|-resisted|p2a: Wo-Chien\n|-damage|p2a: Wo-Chien|89\/100\n|-damage|p1b: Amoonguss|54\/100\n|move|p2a: Wo-Chien|Dark Pulse|p1a: Torkoal\n|-activate|p1a: Torkoal|move: Protect\n|move|p1b: Amoonguss|Spore|p2b: Gyarados\n|-status|p2b: Gyarados|slp|[from] move: Spore\n|\n|-weather|SunnyDay|[upkeep]\n|upkeep\n|turn|9\n|inactive|yisus2902 has 30 seconds left.\n|\n|t:|1683654520\n|-terastallize|p1a: Torkoal|Fire\n|cant|p2b: Gyarados|slp\n|move|p2a: Wo-Chien|Pollen Puff|p2b: Gyarados\n|-heal|p2b: Gyarados|53\/100 slp\n|move|p1b: Amoonguss|Pollen Puff|p1a: Torkoal\n|-immune|p1a: Torkoal\n|move|p1a: Torkoal|Heat Wave|p2a: Wo-Chien|[spread] p2a,p2b\n|-supereffective|p2a: Wo-Chien\n|-resisted|p2b: Gyarados\n|-damage|p2a: Wo-Chien|0 fnt\n|-damage|p2b: Gyarados|22\/100 slp\n|faint|p2a: Wo-Chien\n|\n|-weather|SunnyDay|[upkeep]\n|upkeep\n|\n|t:|1683654533\n|switch|p2a: Sableye|Sableye, L50, F|7\/100\n|turn|10\n|\n|t:|1683654545\n|move|p2a: Sableye|Rain Dance|p2a: Sableye\n|-weather|RainDance\n|cant|p2b: Gyarados|slp\n|move|p1b: Amoonguss|Pollen Puff|p2b: Gyarados\n|-resisted|p2b: Gyarados\n|-damage|p2b: Gyarados|13\/100 slp\n|move|p1a: Torkoal|Eruption|p2a: Sableye|[spread] p2a,p2b\n|-resisted|p2b: Gyarados\n|-damage|p2a: Sableye|0 fnt\n|-damage|p2b: Gyarados|0 fnt\n|faint|p2a: Sableye\n|faint|p2b: Gyarados\n|\n|win|yisus2902\n|raw|yisus2902's rating: 1299 → 1329<\/strong> (+30 for winning)\n|raw|Fallsover's rating: 1366 → 1342<\/strong> (-24 for losing)\n|l|\u2606Fallsover\n|l|\u2606yisus2902\n|j|\u2606yisus2902\n|player|p1|yisus2902|102\n","uploadtime":1683655635,"views":9,"p1id":"yisus2902","p2id":"fallsover","formatid":"gen9vgc2023regulationc","rating":1329,"private":0,"password":""}