{"id":"gen9vgc2023regulationc-1848299177","p1":"Violet1994","p2":"Mattorfo","format":"[Gen 9] VGC 2023 Regulation C","log":"|j|\u2606Violet1994\n|j|\u2606Mattorfo\n|t:|1682056102\n|gametype|doubles\n|player|p1|Violet1994|cheryl|1242\n|player|p2|Mattorfo|ghetsis|1324\n|teamsize|p1|6\n|teamsize|p2|6\n|gen|9\n|tier|[Gen 9] VGC 2023 Regulation C\n|rated|\n|rule|Species Clause: Limit one of each Pok\u00e9mon\n|rule|Item Clause: Limit one of each item\n|clearpoke\n|poke|p1|Arboliva, L50, F|\n|poke|p1|Flutter Mane, L50|\n|poke|p1|Indeedee-F, L50, F|\n|poke|p1|Armarouge, L50, F|\n|poke|p1|Azumarill, L50, M|\n|poke|p1|Amoonguss, L50, F|\n|poke|p2|Dragapult, L50, F|\n|poke|p2|Amoonguss, L50, F|\n|poke|p2|Gastrodon-East, L50, M|\n|poke|p2|Gholdengo, L50|\n|poke|p2|Chi-Yu, L50|\n|poke|p2|Indeedee-F, L50, F|\n|teampreview|4\n|inactive|Battle timer is ON: inactive players will automatically lose when time's up. (requested by Mattorfo)\n|\n|t:|1682056128\n|start\n|switch|p1a: Indeedee|Indeedee-F, L50, F, shiny|100\/100\n|switch|p1b: Azumarill|Azumarill, L50, M|100\/100\n|switch|p2a: Dragapult|Dragapult, L50, F|100\/100\n|switch|p2b: Indeedee|Indeedee-F, L50, F|100\/100\n|-fieldstart|move: Psychic Terrain|[from] ability: Psychic Surge|[of] p2b: Indeedee\n|-enditem|p2b: Indeedee|Psychic Seed\n|-boost|p2b: Indeedee|spd|1|[from] item: Psychic Seed\n|turn|1\n|\n|t:|1682056137\n|move|p2b: Indeedee|Follow Me|p2b: Indeedee\n|-singleturn|p2b: Indeedee|move: Follow Me\n|move|p1a: Indeedee|Follow Me|p1a: Indeedee\n|-singleturn|p1a: Indeedee|move: Follow Me\n|move|p2a: Dragapult|Dragon Dance|p2a: Dragapult\n|-boost|p2a: Dragapult|atk|1\n|-boost|p2a: Dragapult|spe|1\n|move|p1b: Azumarill|Belly Drum|p1b: Azumarill\n|-damage|p1b: Azumarill|51\/100\n|-setboost|p1b: Azumarill|atk|6|[from] move: Belly Drum\n|\n|upkeep\n|turn|2\n|\n|t:|1682056161\n|switch|p2b: Gastrodon|Gastrodon-East, L50, M|100\/100\n|-terastallize|p2a: Dragapult|Steel\n|move|p1a: Indeedee|Follow Me|p1a: Indeedee\n|-singleturn|p1a: Indeedee|move: Follow Me\n|move|p2a: Dragapult|Dragon Darts|p1a: Indeedee\n|-damage|p1a: Indeedee|58\/100\n|-anim|p2a: Dragapult|Dragon Darts|p1a: Indeedee\n|-damage|p1a: Indeedee|18\/100\n|move|p1b: Azumarill|Play Rough|p2a: Dragapult\n|-resisted|p2a: Dragapult\n|-damage|p2a: Dragapult|0 fnt\n|faint|p2a: Dragapult\n|\n|upkeep\n|\n|t:|1682056180\n|switch|p2a: Chi-Yu|Chi-Yu, L50|100\/100\n|-ability|p2a: Chi-Yu|Beads of Ruin\n|turn|3\n|\n|t:|1682056189\n|move|p2a: Chi-Yu|Protect|p2a: Chi-Yu\n|-singleturn|p2a: Chi-Yu|Protect\n|move|p1a: Indeedee|Follow Me|p1a: Indeedee\n|-singleturn|p1a: Indeedee|move: Follow Me\n|move|p1b: Azumarill|Play Rough|p2a: Chi-Yu\n|-activate|p2a: Chi-Yu|move: Protect\n|move|p2b: Gastrodon|Yawn|p1a: Indeedee\n|-start|p1a: Indeedee|move: Yawn|[of] p2b: Gastrodon\n|\n|upkeep\n|turn|4\n|\n|t:|1682056202\n|switch|p2a: Indeedee|Indeedee-F, L50, F|100\/100\n|move|p1a: Indeedee|Follow Me|p1a: Indeedee\n|-singleturn|p1a: Indeedee|move: Follow Me\n|move|p1b: Azumarill|Play Rough|p2a: Indeedee\n|-damage|p2a: Indeedee|0 fnt\n|faint|p2a: Indeedee\n|move|p2b: Gastrodon|Yawn||[still]\n|-fail|p2b: Gastrodon\n|\n|-end|p1a: Indeedee|move: Yawn|[silent]\n|-status|p1a: Indeedee|slp\n|upkeep\n|\n|t:|1682056210\n|switch|p2a: Chi-Yu|Chi-Yu, L50|100\/100\n|-ability|p2a: Chi-Yu|Beads of Ruin\n|turn|5\n|\n|t:|1682056223\n|move|p2a: Chi-Yu|Protect|p2a: Chi-Yu\n|-singleturn|p2a: Chi-Yu|Protect\n|cant|p1a: Indeedee|slp\n|move|p1b: Azumarill|Play Rough|p2a: Chi-Yu\n|-activate|p2a: Chi-Yu|move: Protect\n|move|p2b: Gastrodon|Yawn|p1b: Azumarill\n|-start|p1b: Azumarill|move: Yawn|[of] p2b: Gastrodon\n|\n|-fieldend|move: Psychic Terrain\n|upkeep\n|turn|6\n|\n|t:|1682056239\n|move|p2a: Chi-Yu|Protect|p2a: Chi-Yu\n|-singleturn|p2a: Chi-Yu|Protect\n|cant|p1a: Indeedee|slp\n|move|p1b: Azumarill|Play Rough|p2a: Chi-Yu\n|-activate|p2a: Chi-Yu|move: Protect\n|move|p2b: Gastrodon|Ice Beam|p1a: Indeedee\n|-damage|p1a: Indeedee|0 fnt\n|faint|p1a: Indeedee\n|\n|-end|p1b: Azumarill|move: Yawn|[silent]\n|-status|p1b: Azumarill|slp\n|upkeep\n|\n|t:|1682056245\n|switch|p1a: Armarouge|Armarouge, L50, F|100\/100\n|turn|7\n|\n|t:|1682056252\n|-terastallize|p1a: Armarouge|Grass\n|move|p2a: Chi-Yu|Nasty Plot|p2a: Chi-Yu\n|-boost|p2a: Chi-Yu|spa|2\n|move|p1a: Armarouge|Energy Ball|p2b: Gastrodon\n|-supereffective|p2b: Gastrodon\n|-damage|p2b: Gastrodon|0 fnt\n|faint|p2b: Gastrodon\n|-damage|p1a: Armarouge|91\/100|[from] item: Life Orb\n|cant|p1b: Azumarill|slp\n|\n|upkeep\n|turn|8\n|\n|t:|1682056273\n|move|p1a: Armarouge|Wide Guard|p1a: Armarouge\n|-singleturn|p1a: Armarouge|Wide Guard\n|move|p2a: Chi-Yu|Dark Pulse|p1b: Azumarill\n|-resisted|p1b: Azumarill\n|-damage|p1b: Azumarill|0 fnt\n|faint|p1b: Azumarill\n|-damage|p2a: Chi-Yu|90\/100|[from] item: Life Orb\n|\n|upkeep\n|\n|t:|1682056278\n|switch|p1b: Flutter Mane|Flutter Mane, L50, shiny|100\/100\n|-enditem|p1b: Flutter Mane|Booster Energy\n|-activate|p1b: Flutter Mane|ability: Protosynthesis|[fromitem]\n|-start|p1b: Flutter Mane|protosynthesisspa\n|turn|9\n|\n|t:|1682056293\n|move|p2a: Chi-Yu|Protect|p2a: Chi-Yu\n|-singleturn|p2a: Chi-Yu|Protect\n|move|p1b: Flutter Mane|Dazzling Gleam|p2a: Chi-Yu\n|-activate|p2a: Chi-Yu|move: Protect\n|move|p1a: Armarouge|Heat Wave|p2a: Chi-Yu\n|-activate|p2a: Chi-Yu|move: Protect\n|\n|upkeep\n|turn|10\n|\n|t:|1682056303\n|move|p2a: Chi-Yu|Heat Wave|p1a: Armarouge|[spread] p1b\n|-start|p1a: Armarouge|ability: Flash Fire\n|-damage|p1b: Flutter Mane|0 fnt\n|faint|p1b: Flutter Mane\n|-end|p1b: Flutter Mane|Protosynthesis|[silent]\n|-damage|p2a: Chi-Yu|80\/100|[from] item: Life Orb\n|move|p1a: Armarouge|Heat Wave|p2a: Chi-Yu\n|-resisted|p2a: Chi-Yu\n|-damage|p2a: Chi-Yu|17\/100\n|-damage|p1a: Armarouge|81\/100|[from] item: Life Orb\n|\n|upkeep\n|turn|11\n|\n|t:|1682056315\n|move|p2a: Chi-Yu|Dark Pulse|p1a: Armarouge\n|-damage|p1a: Armarouge|0 fnt\n|faint|p1a: Armarouge\n|-damage|p2a: Chi-Yu|7\/100|[from] item: Life Orb\n|\n|win|Mattorfo\n|raw|Violet1994's rating: 1242 → 1223<\/strong> (-19 for losing)\n|raw|Mattorfo's rating: 1324 → 1339<\/strong> (+15 for winning)\n|l|\u2606Violet1994\n","uploadtime":1682056321,"views":10,"p1id":"violet1994","p2id":"mattorfo","formatid":"gen9vgc2023regulationc","rating":1223,"private":0,"password":""}