{"id":"gen9vgc2023regulationc-1864093746","p1":"icebergvgc","p2":"JHufself","format":"[Gen 9] VGC 2023 Regulation C","log":"|j|\u2606icebergvgc\n|j|\u2606JHufself\n|t:|1684116467\n|gametype|doubles\n|player|p1|icebergvgc|youngcouple-gen4dp|\n|player|p2|JHufself|cheren-gen5bw2|\n|teamsize|p1|6\n|teamsize|p2|6\n|gen|9\n|tier|[Gen 9] VGC 2023 Regulation C\n|rule|Species Clause: Limit one of each Pok\u00e9mon\n|rule|Item Clause: Limit one of each item\n|clearpoke\n|poke|p1|Flutter Mane, L50|\n|poke|p1|Amoonguss, L50, M|\n|poke|p1|Arcanine, L50, F|\n|poke|p1|Palafin, L50, M|\n|poke|p1|Ting-Lu, L50|\n|poke|p1|Baxcalibur, L50, F|\n|poke|p2|Tatsugiri, L50, M|\n|poke|p2|Dragapult, L50, F|\n|poke|p2|Pelipper, L50, F|\n|poke|p2|Iron Hands, L50|\n|poke|p2|Chi-Yu, L50|\n|poke|p2|Klefki, L50, M|\n|teampreview|4\n|c|\u2606JHufself|G1\nJHufself has agreed to open team sheets.\nicebergvgc has agreed to open team sheets.\n|j| tagmouse27\n|j| TheWigletts\n|j| IchigoZangeCorner\n|j| furnatureboy\n|j| zardicharvgc\n|c|\u2606icebergvgc|glhf\n|l| zardicharvgc\n|\n|t:|1684116617\n|start\n|switch|p1a: Flutter Mane|Flutter Mane, L50|100\/100\n|switch|p1b: Baxcalibur|Baxcalibur, L50, F|100\/100\n|switch|p2a: Tatsugiri|Tatsugiri, L50, M|100\/100\n|switch|p2b: Iron Hands|Iron Hands, L50|100\/100\n|turn|1\n|c|\u2606JHufself|U2\n|j| zardicharvgc\n|l|zardicharvgc\n|j| sempr9\n|j| ZonXJ\n|l| TheWigletts\n|\n|t:|1684116662\n|move|p2a: Tatsugiri|Protect|p2a: Tatsugiri\n|-singleturn|p2a: Tatsugiri|Protect\n|move|p1a: Flutter Mane|Dazzling Gleam|p2b: Iron Hands|[spread] p2b\n|-activate|p2a: Tatsugiri|move: Protect\n|-supereffective|p2b: Iron Hands\n|-damage|p2b: Iron Hands|60\/100\n|move|p1b: Baxcalibur|Icicle Crash|p2b: Iron Hands\n|-damage|p2b: Iron Hands|22\/100\n|move|p2b: Iron Hands|Close Combat|p1b: Baxcalibur\n|-supereffective|p1b: Baxcalibur\n|-damage|p1b: Baxcalibur|0 fnt\n|-unboost|p2b: Iron Hands|def|1\n|-unboost|p2b: Iron Hands|spd|1\n|faint|p1b: Baxcalibur\n|\n|upkeep\n|\n|t:|1684116673\n|switch|p1b: Arcanine|Arcanine, L50, F|100\/100\n|-ability|p1b: Arcanine|Intimidate|boost\n|-unboost|p2a: Tatsugiri|atk|1\n|-unboost|p2b: Iron Hands|atk|1\n|turn|2\n|j| TheWigletts\n|\n|t:|1684116686\n|-terastallize|p2a: Tatsugiri|Water\n|move|p1b: Arcanine|Extreme Speed|p2a: Tatsugiri\n|-damage|p2a: Tatsugiri|75\/100\n|move|p1a: Flutter Mane|Dazzling Gleam|p2b: Iron Hands|[spread] p2a,p2b\n|-supereffective|p2b: Iron Hands\n|-damage|p2a: Tatsugiri|27\/100\n|-damage|p2b: Iron Hands|0 fnt\n|-enditem|p2a: Tatsugiri|Sitrus Berry|[eat]\n|-heal|p2a: Tatsugiri|52\/100|[from] item: Sitrus Berry\n|faint|p2b: Iron Hands\n|-end|p2b: Iron Hands|Quark Drive|[silent]\n|move|p2a: Tatsugiri|Muddy Water|p1a: Flutter Mane|[spread] p1a,p1b\n|-supereffective|p1b: Arcanine\n|-damage|p1a: Flutter Mane|65\/100\n|-damage|p1b: Arcanine|3\/100\n|\n|upkeep\n|\n|t:|1684116702\n|switch|p2b: Pelipper|Pelipper, L50, F|100\/100\n|-weather|RainDance|[from] ability: Drizzle|[of] p2b: Pelipper\n|turn|3\n|\n|t:|1684116731\n|-terastallize|p1a: Flutter Mane|Fairy\n|move|p1b: Arcanine|Extreme Speed|p2b: Pelipper\n|-damage|p2b: Pelipper|75\/100\n|move|p1a: Flutter Mane|Dazzling Gleam|p2a: Tatsugiri|[spread] p2a,p2b\n|-damage|p2a: Tatsugiri|0 fnt\n|-damage|p2b: Pelipper|0 fnt\n|faint|p2a: Tatsugiri\n|faint|p2b: Pelipper\n|\n|-weather|RainDance|[upkeep]\n|upkeep\n|\n|t:|1684116735\n|switch|p2b: Chi-Yu|Chi-Yu, L50|100\/100\n|-ability|p2b: Chi-Yu|Beads of Ruin\n|turn|4\n|\n|t:|1684116742\n|move|p1b: Arcanine|Extreme Speed|p2b: Chi-Yu\n|-damage|p2b: Chi-Yu|72\/100\n|move|p1a: Flutter Mane|Dazzling Gleam|p2b: Chi-Yu\n|-damage|p2b: Chi-Yu|10\/100\n|move|p2b: Chi-Yu|Heat Wave|p1a: Flutter Mane|[spread] p1a,p1b\n|-resisted|p1b: Arcanine\n|-damage|p1a: Flutter Mane|46\/100\n|-damage|p1b: Arcanine|0 fnt\n|faint|p1b: Arcanine\n|\n|-weather|RainDance|[upkeep]\n|upkeep\n|\n|t:|1684116745\n|switch|p1b: Ting-Lu|Ting-Lu, L50|100\/100\n|-ability|p1b: Ting-Lu|Vessel of Ruin\n|turn|5\n|\n|t:|1684116747\n|move|p1a: Flutter Mane|Dazzling Gleam|p2b: Chi-Yu\n|-damage|p2b: Chi-Yu|0 fnt\n|faint|p2b: Chi-Yu\n|\n|win|icebergvgc\n|c|\u2606icebergvgc|gg\n|c|\u2606JHufself|Gg\n|l| ZonXJ\n|l| TheWigletts\n|j| zardicharvgc\n|l| zardicharvgc\n|l| tagmouse27\n|l|\u2606JHufself\n|l| IchigoZangeCorner\n|l| sempr9\n","uploadtime":1684117043,"views":28,"p1id":"icebergvgc","p2id":"jhufself","formatid":"gen9vgc2023regulationc","rating":0,"private":0,"password":""}