{"id":"gen9vgc2023regulationc-1861881289","p1":"CaptainEricVGC","p2":"CanadianBac0n","format":"[Gen 9] VGC 2023 Regulation C","log":"|j|\u2606CaptainEricVGC\n|j|\u2606CanadianBac0n\n|t:|1683817536\n|gametype|doubles\n|player|p1|CaptainEricVGC|2|1108\n|player|p2|CanadianBac0n|102|1164\n|teamsize|p1|6\n|teamsize|p2|6\n|gen|9\n|tier|[Gen 9] VGC 2023 Regulation C\n|rated|\n|rule|Species Clause: Limit one of each Pok\u00e9mon\n|rule|Item Clause: Limit one of each item\n|clearpoke\n|poke|p1|Arcanine, L50, M|\n|poke|p1|Baxcalibur, L50, M|\n|poke|p1|Brute Bonnet, L50|\n|poke|p1|Flutter Mane, L50|\n|poke|p1|Palafin, L50, M|\n|poke|p1|Ting-Lu, L50|\n|poke|p2|Chien-Pao, L50|\n|poke|p2|Scizor, L50, F|\n|poke|p2|Iron Hands, L50|\n|poke|p2|Annihilape, L50, F|\n|poke|p2|Glimmora, L50, F|\n|poke|p2|Ting-Lu, L50|\n|teampreview|4\nCaptainEricVGC rejected open team sheets.\n|\n|t:|1683817579\n|start\n|switch|p1a: Palafin|Palafin, L50, M|100\/100\n|switch|p1b: Brute Bonnet|Brute Bonnet, L50|100\/100\n|switch|p2a: Annihilape|Annihilape, L50, F|100\/100\n|switch|p2b: Glimmora|Glimmora, L50, F|100\/100\n|turn|1\n|inactive|Battle timer is ON: inactive players will automatically lose when time's up. (requested by CaptainEricVGC)\n|\n|t:|1683817605\n|detailschange|p1a: Palafin|Palafin-Hero, L50, M\n|switch|p1a: Ting-Lu|Ting-Lu, L50|100\/100\n|-ability|p1a: Ting-Lu|Vessel of Ruin\n|move|p2b: Glimmora|Sludge Bomb|p1b: Brute Bonnet\n|-supereffective|p1b: Brute Bonnet\n|-damage|p1b: Brute Bonnet|12\/100\n|-status|p1b: Brute Bonnet|psn\n|move|p2a: Annihilape|Drain Punch|p1b: Brute Bonnet\n|-supereffective|p1b: Brute Bonnet\n|-damage|p1b: Brute Bonnet|0 fnt\n|faint|p1b: Brute Bonnet\n|-end|p1b: Brute Bonnet|Protosynthesis|[silent]\n|\n|upkeep\n|\n|t:|1683817617\n|switch|p1b: Palafin|Palafin-Hero, L50, M|100\/100\n|-activate|p1b: Palafin|ability: Zero to Hero\n|turn|2\n|inactive|CanadianBac0n has 30 seconds left.\n|\n|t:|1683817651\n|move|p1b: Palafin|Protect|p1b: Palafin\n|-singleturn|p1b: Palafin|Protect\n|move|p2b: Glimmora|Sludge Bomb|p1b: Palafin\n|-activate|p1b: Palafin|move: Protect\n|move|p2a: Annihilape|Drain Punch|p1a: Ting-Lu\n|-supereffective|p1a: Ting-Lu\n|-damage|p1a: Ting-Lu|51\/100\n|move|p1a: Ting-Lu|Ruination|p2a: Annihilape|[miss]\n|-miss|p1a: Ting-Lu|p2a: Annihilape\n|\n|upkeep\n|turn|3\n|inactive|CaptainEricVGC has 30 seconds left.\n|\n|t:|1683817676\n|-terastallize|p1b: Palafin|Water\n|move|p1b: Palafin|Jet Punch|p2b: Glimmora\n|-supereffective|p2b: Glimmora\n|-damage|p2b: Glimmora|0 fnt\n|-activate|p2b: Glimmora|ability: Toxic Debris\n|-sidestart|p1: CaptainEricVGC|move: Toxic Spikes\n|faint|p2b: Glimmora\n|move|p2a: Annihilape|Bulk Up|p2a: Annihilape\n|-boost|p2a: Annihilape|atk|1\n|-boost|p2a: Annihilape|def|1\n|move|p1a: Ting-Lu|Stomping Tantrum|p2a: Annihilape\n|-damage|p2a: Annihilape|56\/100\n|\n|upkeep\n|\n|t:|1683817701\n|switch|p2b: Ting-Lu|Ting-Lu, L50|100\/100\n|-ability|p2b: Ting-Lu|Vessel of Ruin\n|turn|4\n|\n|t:|1683817711\n|-terastallize|p2b: Ting-Lu|Grass\n|move|p1b: Palafin|Protect|p1b: Palafin\n|-singleturn|p1b: Palafin|Protect\n|move|p2a: Annihilape|Drain Punch|p1a: Ting-Lu\n|-supereffective|p1a: Ting-Lu\n|-damage|p1a: Ting-Lu|0 fnt\n|-heal|p2a: Annihilape|83\/100|[from] drain|[of] p1a: Ting-Lu\n|faint|p1a: Ting-Lu\n|move|p2b: Ting-Lu|Ruination|p1b: Palafin\n|-activate|p1b: Palafin|move: Protect\n|\n|upkeep\n|\n|t:|1683817721\n|switch|p1a: Baxcalibur|Baxcalibur, L50, M|100\/100\n|-status|p1a: Baxcalibur|psn\n|turn|5\n|inactive|CanadianBac0n has 30 seconds left.\n|\n|t:|1683817755\n|move|p1a: Baxcalibur|Protect|p1a: Baxcalibur\n|-singleturn|p1a: Baxcalibur|Protect\n|move|p1b: Palafin|Wave Crash|p2a: Annihilape\n|-damage|p2a: Annihilape|0 fnt\n|faint|p2a: Annihilape\n|-damage|p1b: Palafin|71\/100|[from] Recoil\n|move|p2b: Ting-Lu|Stomping Tantrum|p1b: Palafin\n|-damage|p1b: Palafin|42\/100\n|\n|-damage|p1a: Baxcalibur|88\/100 psn|[from] psn\n|upkeep\n|\n|t:|1683817761\n|switch|p2a: Scizor|Scizor, L50, F, shiny|100\/100\n|turn|6\n|\n|t:|1683817785\n|move|p2a: Scizor|Bullet Punch|p1a: Baxcalibur\n|-supereffective|p1a: Baxcalibur\n|-damage|p1a: Baxcalibur|16\/100 psn\n|move|p1b: Palafin|Wave Crash|p2a: Scizor\n|-damage|p2a: Scizor|0 fnt\n|faint|p2a: Scizor\n|-damage|p1b: Palafin|18\/100|[from] Recoil\n|move|p1a: Baxcalibur|Icicle Spear|p2b: Ting-Lu\n|-supereffective|p2b: Ting-Lu\n|-crit|p2b: Ting-Lu\n|-damage|p2b: Ting-Lu|70\/100\n|-supereffective|p2b: Ting-Lu\n|-damage|p2b: Ting-Lu|50\/100\n|-supereffective|p2b: Ting-Lu\n|-damage|p2b: Ting-Lu|32\/100\n|-supereffective|p2b: Ting-Lu\n|-damage|p2b: Ting-Lu|14\/100\n|-hitcount|p2b: Ting-Lu|4\n|move|p2b: Ting-Lu|Stomping Tantrum|p1b: Palafin\n|-damage|p1b: Palafin|0 fnt\n|faint|p1b: Palafin\n|\n|-damage|p1a: Baxcalibur|4\/100 psn|[from] psn\n|upkeep\n|turn|7\n|inactive|CanadianBac0n has 30 seconds left.\n|\n|t:|1683817813\n|move|p1a: Baxcalibur|Ice Shard|p2b: Ting-Lu\n|-supereffective|p2b: Ting-Lu\n|-damage|p2b: Ting-Lu|0 fnt\n|faint|p2b: Ting-Lu\n|\n|win|CaptainEricVGC\n|raw|CaptainEricVGC's rating: 1108 → 1135<\/strong> (+27 for winning)\n|raw|CanadianBac0n's rating: 1138 → 1111<\/strong> (-27 for losing)\n|l|\u2606CanadianBac0n\n|c|\u2606CaptainEricVGC|gg\n","uploadtime":1683817823,"views":17,"p1id":"captainericvgc","p2id":"canadianbac0n","formatid":"gen9vgc2023regulationc","rating":1111,"private":0,"password":""}