{"id":"gen9vgc2023regulationc-1862261288","p1":"kidpablo","p2":"stack of pancake","format":"[Gen 9] VGC 2023 Regulation C","log":"|j|\u2606kidpablo\n|j|\u2606stack of pancake\n|t:|1683856511\n|gametype|doubles\n|player|p1|kidpablo|ninjaboy|1239\n|player|p2|stack of pancake|steven|1329\n|teamsize|p1|6\n|teamsize|p2|6\n|gen|9\n|tier|[Gen 9] VGC 2023 Regulation C\n|rated|\n|rule|Species Clause: Limit one of each Pok\u00e9mon\n|rule|Item Clause: Limit one of each item\n|clearpoke\n|poke|p1|Hawlucha, L50, M|\n|poke|p1|Abomasnow, L50, M|\n|poke|p1|Iron Bundle, L50|\n|poke|p1|Indeedee-F, L50, F|\n|poke|p1|Palafin, L50, F|\n|poke|p1|Arcanine, L50, F|\n|poke|p2|Murkrow, L50, F|\n|poke|p2|Flutter Mane, L50|\n|poke|p2|Great Tusk, L50|\n|poke|p2|Amoonguss, L50, F|\n|poke|p2|Dragonite, L50, M|\n|poke|p2|Chien-Pao, L50|\n|teampreview|4\n|\n|t:|1683856580\n|start\n|switch|p1a: Iron Bundle|Iron Bundle, L50|100\/100\n|switch|p1b: Abomasnow|Abomasnow, L50, M|100\/100\n|switch|p2a: Murkrow|Murkrow, L50, F|100\/100\n|switch|p2b: Flutter Mane|Flutter Mane, L50|100\/100\n|-weather|Snow|[from] ability: Snow Warning|[of] p1b: Abomasnow\n|turn|1\n|\n|t:|1683856594\n|-terastallize|p2b: Flutter Mane|Fairy\n|move|p2a: Murkrow|Tailwind|p2a: Murkrow\n|-sidestart|p2: stack of pancake|move: Tailwind\n|move|p2b: Flutter Mane|Dazzling Gleam|p1a: Iron Bundle|[spread] p1a,p1b\n|-damage|p1a: Iron Bundle|0 fnt\n|-damage|p1b: Abomasnow|39\/100\n|faint|p1a: Iron Bundle\n|-end|p1a: Iron Bundle|Quark Drive|[silent]\n|move|p1b: Abomasnow|Blizzard|p2b: Flutter Mane|[spread] p2a,p2b\n|-supereffective|p2a: Murkrow\n|-enditem|p2a: Murkrow|Focus Sash\n|-damage|p2a: Murkrow|1\/100\n|-damage|p2b: Flutter Mane|54\/100\n|-damage|p1b: Abomasnow|29\/100|[from] item: Life Orb\n|\n|-weather|Snow|[upkeep]\n|upkeep\n|\n|t:|1683856608\n|switch|p1a: Hawlucha|Hawlucha, L50, M|100\/100\n|turn|2\n|\n|t:|1683856615\n|move|p1a: Hawlucha|Protect|p1a: Hawlucha\n|-singleturn|p1a: Hawlucha|Protect\n|move|p2a: Murkrow|Sunny Day|p2a: Murkrow\n|-weather|SunnyDay\n|-activate|p2b: Flutter Mane|ability: Protosynthesis\n|-start|p2b: Flutter Mane|protosynthesisspa\n|move|p1b: Abomasnow|Ice Shard|p2a: Murkrow\n|-supereffective|p2a: Murkrow\n|-damage|p2a: Murkrow|0 fnt\n|faint|p2a: Murkrow\n|-damage|p1b: Abomasnow|19\/100|[from] item: Life Orb\n|move|p2b: Flutter Mane|Dazzling Gleam|p1b: Abomasnow|[spread] p1b\n|-activate|p1a: Hawlucha|move: Protect\n|-damage|p1b: Abomasnow|0 fnt\n|faint|p1b: Abomasnow\n|\n|-weather|SunnyDay|[upkeep]\n|upkeep\n|\n|t:|1683856643\n|switch|p2a: Dragonite|Dragonite, L50, M|100\/100\n|switch|p1b: Indeedee|Indeedee-F, L50, F|100\/100\n|-fieldstart|move: Psychic Terrain|[from] ability: Psychic Surge|[of] p1b: Indeedee\n|-enditem|p1a: Hawlucha|Psychic Seed\n|-boost|p1a: Hawlucha|spd|1|[from] item: Psychic Seed\n|turn|3\n|\n|t:|1683856667\n|-terastallize|p1a: Hawlucha|Steel\n|move|p1b: Indeedee|Follow Me|p1b: Indeedee\n|-singleturn|p1b: Indeedee|move: Follow Me\n|move|p2b: Flutter Mane|Dazzling Gleam|p1b: Indeedee|[spread] p1a,p1b\n|-resisted|p1a: Hawlucha\n|-damage|p1a: Hawlucha|57\/100\n|-damage|p1b: Indeedee|36\/100\n|move|p1a: Hawlucha|Acrobatics|p2b: Flutter Mane\n|-damage|p2b: Flutter Mane|0 fnt\n|faint|p2b: Flutter Mane\n|-end|p2b: Flutter Mane|Protosynthesis|[silent]\n|move|p2a: Dragonite|Aerial Ace|p1b: Indeedee\n|-damage|p1b: Indeedee|0 fnt\n|faint|p1b: Indeedee\n|\n|-weather|SunnyDay|[upkeep]\n|upkeep\n|\n|t:|1683856680\n|switch|p2b: Great Tusk|Great Tusk, L50|100\/100\n|-activate|p2b: Great Tusk|ability: Protosynthesis\n|-start|p2b: Great Tusk|protosynthesisatk\n|turn|4\n|\n|t:|1683856689\n|move|p1a: Hawlucha|Protect|p1a: Hawlucha\n|-singleturn|p1a: Hawlucha|Protect\n|move|p2b: Great Tusk|Headlong Rush|p1a: Hawlucha\n|-activate|p1a: Hawlucha|move: Protect\n|move|p2a: Dragonite|Aerial Ace|p1a: Hawlucha\n|-activate|p1a: Hawlucha|move: Protect\n|\n|-weather|SunnyDay|[upkeep]\n|-sideend|p2: stack of pancake|move: Tailwind\n|upkeep\n|turn|5\n|\n|t:|1683856700\n|move|p1a: Hawlucha|Acrobatics|p2b: Great Tusk\n|-supereffective|p2b: Great Tusk\n|-damage|p2b: Great Tusk|25\/100\n|move|p2b: Great Tusk|Headlong Rush|p1a: Hawlucha\n|-supereffective|p1a: Hawlucha\n|-damage|p1a: Hawlucha|0 fnt\n|-unboost|p2b: Great Tusk|def|1\n|-unboost|p2b: Great Tusk|spd|1\n|faint|p1a: Hawlucha\n|\n|win|stack of pancake\n|raw|kidpablo's rating: 1239 → 1220<\/strong> (-19 for losing)\n|raw|stack of pancake's rating: 1329 → 1344<\/strong> (+15 for winning)\n|l|\u2606kidpablo\n","uploadtime":1683856712,"views":15,"p1id":"kidpablo","p2id":"stackofpancake","formatid":"gen9vgc2023regulationc","rating":1220,"private":0,"password":""}