{"id":"gen9vgc2023regulationc-1852468495","p1":"severuZZZ","p2":"Tebsting","format":"[Gen 9] VGC 2023 Regulation C","log":"|j|\u2606severuZZZ\n|j|\u2606Tebsting\n|t:|1682561447\n|gametype|doubles\n|player|p1|severuZZZ|n|\n|player|p2|Tebsting|red|\n|teamsize|p1|6\n|teamsize|p2|6\n|gen|9\n|tier|[Gen 9] VGC 2023 Regulation C\n|rule|Species Clause: Limit one of each Pok\u00e9mon\n|rule|Item Clause: Limit one of each item\n|clearpoke\n|poke|p1|Chi-Yu, L50|\n|poke|p1|Flutter Mane, L50|\n|poke|p1|Iron Hands, L50|\n|poke|p1|Kingambit, L50, M|\n|poke|p1|Gyarados, L50, F|\n|poke|p1|Amoonguss, L50, F|\n|poke|p2|Dragonite, L50, M|\n|poke|p2|Lilligant, L50, F|\n|poke|p2|Great Tusk, L50|\n|poke|p2|Torkoal, L50, F|\n|poke|p2|Chien-Pao, L50|\n|poke|p2|Flutter Mane, L50|\n|teampreview|4\n|c|\u2606severuZZZ|G2\n|\n|t:|1682561889\n|start\n|switch|p1a: Flutter Mane|Flutter Mane, L50|100\/100\n|switch|p1b: Iron Hands|Iron Hands, L50|100\/100\n|switch|p2a: Great Tusk|Great Tusk, L50|100\/100\n|switch|p2b: Flutter Mane|Flutter Mane, L50|100\/100\n|-enditem|p1a: Flutter Mane|Booster Energy\n|-activate|p1a: Flutter Mane|ability: Protosynthesis|[fromitem]\n|-start|p1a: Flutter Mane|protosynthesisspa\n|turn|1\n|\n|t:|1682561922\n|-end|p2b: Flutter Mane|Protosynthesis|[silent]\n|switch|p2b: Lilligant|Lilligant, L50, F, shiny|100\/100\n|-end|p1b: Iron Hands|Quark Drive|[silent]\n|switch|p1b: Gyarados|Gyarados, L50, F, shiny|100\/100\n|-ability|p1b: Gyarados|Intimidate|boost\n|-unboost|p2a: Great Tusk|atk|1\n|-unboost|p2b: Lilligant|atk|1\n|-terastallize|p2a: Great Tusk|Steel\n|-terastallize|p1a: Flutter Mane|Fairy\n|move|p2a: Great Tusk|Headlong Rush|p1b: Gyarados\n|-immune|p1b: Gyarados\n|move|p1a: Flutter Mane|Moonblast|p2a: Great Tusk\n|-resisted|p2a: Great Tusk\n|-damage|p2a: Great Tusk|33\/100\n|\n|upkeep\n|turn|2\n|\n|t:|1682561968\n|-end|p2a: Great Tusk|Protosynthesis|[silent]\n|switch|p2a: Torkoal|Torkoal, L50, F|100\/100\n|-weather|SunnyDay|[from] ability: Drought|[of] p2a: Torkoal\n|move|p2b: Lilligant|Sleep Powder|p1a: Flutter Mane\n|-status|p1a: Flutter Mane|slp|[from] move: Sleep Powder\n|cant|p1a: Flutter Mane|slp\n|move|p1b: Gyarados|Taunt|p2b: Lilligant\n|-start|p2b: Lilligant|move: Taunt\n|\n|-weather|SunnyDay|[upkeep]\n|upkeep\n|turn|3\n|\n|t:|1682561998\n|switch|p2a: Great Tusk|Great Tusk, L50, tera:Steel|33\/100\n|-activate|p2a: Great Tusk|ability: Protosynthesis\n|-start|p2a: Great Tusk|protosynthesisatk\n|move|p2b: Lilligant|Leaf Storm|p1b: Gyarados\n|-damage|p1b: Gyarados|59\/100\n|-unboost|p2b: Lilligant|spa|2\n|cant|p1a: Flutter Mane|slp\n|move|p1b: Gyarados|Icy Wind|p2b: Lilligant|[spread] p2a,p2b\n|-resisted|p2a: Great Tusk\n|-supereffective|p2b: Lilligant\n|-damage|p2a: Great Tusk|29\/100\n|-damage|p2b: Lilligant|83\/100\n|-unboost|p2a: Great Tusk|spe|1\n|-unboost|p2b: Lilligant|spe|1\n|\n|-weather|SunnyDay|[upkeep]\n|upkeep\n|turn|4\n|\n|t:|1682562033\n|-curestatus|p1a: Flutter Mane|slp|[msg]\n|move|p1a: Flutter Mane|Protect|p1a: Flutter Mane\n|-singleturn|p1a: Flutter Mane|Protect\n|move|p2b: Lilligant|Leaf Storm|p1b: Gyarados\n|-damage|p1b: Gyarados|38\/100\n|-unboost|p2b: Lilligant|spa|2\n|-enditem|p1b: Gyarados|Sitrus Berry|[eat]\n|-heal|p1b: Gyarados|63\/100|[from] item: Sitrus Berry\n|move|p2a: Great Tusk|Headlong Rush|p1a: Flutter Mane\n|-activate|p1a: Flutter Mane|move: Protect\n|move|p1b: Gyarados|Icy Wind|p2a: Great Tusk|[spread] p2a,p2b\n|-resisted|p2a: Great Tusk\n|-supereffective|p2b: Lilligant\n|-damage|p2a: Great Tusk|25\/100\n|-damage|p2b: Lilligant|64\/100\n|-unboost|p2a: Great Tusk|spe|1\n|-unboost|p2b: Lilligant|spe|1\n|\n|-weather|SunnyDay|[upkeep]\n|upkeep\n|turn|5\n|\n|t:|1682562068\n|switch|p2b: Flutter Mane|Flutter Mane, L50|100\/100\n|-activate|p2b: Flutter Mane|ability: Protosynthesis\n|-start|p2b: Flutter Mane|protosynthesisspe\n|move|p1a: Flutter Mane|Dazzling Gleam|p2a: Great Tusk|[spread] p2a,p2b\n|-resisted|p2a: Great Tusk\n|-damage|p2a: Great Tusk|0 fnt\n|-damage|p2b: Flutter Mane|44\/100\n|faint|p2a: Great Tusk\n|-end|p2a: Great Tusk|Protosynthesis|[silent]\n|move|p1b: Gyarados|Waterfall|p2b: Flutter Mane\n|-damage|p2b: Flutter Mane|5\/100\n|\n|-weather|SunnyDay|[upkeep]\n|upkeep\n|\n|t:|1682562084\n|switch|p2a: Lilligant|Lilligant, L50, F, shiny|64\/100\n|turn|6\n|\n|t:|1682562102\n|move|p2a: Lilligant|Protect|p2a: Lilligant\n|-singleturn|p2a: Lilligant|Protect\n|move|p1a: Flutter Mane|Protect|p1a: Flutter Mane\n|-singleturn|p1a: Flutter Mane|Protect\n|move|p2b: Flutter Mane|Power Gem|p1b: Gyarados\n|-supereffective|p1b: Gyarados\n|-damage|p1b: Gyarados|8\/100\n|move|p1b: Gyarados|Taunt|p2a: Lilligant\n|-activate|p2a: Lilligant|move: Protect\n|\n|-weather|none\n|-end|p2b: Flutter Mane|Protosynthesis\n|upkeep\n|turn|7\n|\n|t:|1682562133\n|move|p2b: Flutter Mane|Power Gem|p1b: Gyarados\n|-supereffective|p1b: Gyarados\n|-crit|p1b: Gyarados\n|-damage|p1b: Gyarados|0 fnt\n|faint|p1b: Gyarados\n|move|p1a: Flutter Mane|Dazzling Gleam|p2b: Flutter Mane|[spread] p2a,p2b\n|-damage|p2a: Lilligant|0 fnt\n|-damage|p2b: Flutter Mane|0 fnt\n|faint|p2a: Lilligant\n|faint|p2b: Flutter Mane\n|-end|p2b: Flutter Mane|Protosynthesis|[silent]\n|\n|upkeep\n|\n|t:|1682562144\n|switch|p2b: Torkoal|Torkoal, L50, F|100\/100\n|switch|p1b: Chi-Yu|Chi-Yu, L50|100\/100\n|-ability|p1b: Chi-Yu|Beads of Ruin\n|-weather|SunnyDay|[from] ability: Drought|[of] p2b: Torkoal\n|turn|8\n|\n|t:|1682562154\n|move|p1a: Flutter Mane|Moonblast|p2b: Torkoal\n|-resisted|p2b: Torkoal\n|-damage|p2b: Torkoal|17\/100\n|-unboost|p2b: Torkoal|spa|1\n|move|p1b: Chi-Yu|Dark Pulse|p2b: Torkoal\n|-damage|p2b: Torkoal|0 fnt\n|faint|p2b: Torkoal\n|\n|win|severuZZZ\n|c|\u2606Tebsting|Exc\n|c|\u2606severuZZZ|Buenas bro\n|c|\u2606Tebsting|Buenas me. Pichaseo\n|l|\u2606Tebsting\n","uploadtime":1682562200,"views":13,"p1id":"severuzzz","p2id":"tebsting","formatid":"gen9vgc2023regulationc","rating":0,"private":0,"password":""}