{"id":"gen9vgc2023regulationc-1863324394","p1":"Jaferlle17","p2":"revocolombia","format":"[Gen 9] VGC 2023 Regulation C","log":"|j|\u2606Jaferlle17\n|j|\u2606revocolombia\n|t:|1684002612\n|gametype|doubles\n|player|p1|Jaferlle17|steven|1369\n|player|p2|revocolombia|pokemonranger-gen4|1309\n|teamsize|p1|6\n|teamsize|p2|6\n|gen|9\n|tier|[Gen 9] VGC 2023 Regulation C\n|rated|\n|rule|Species Clause: Limit one of each Pok\u00e9mon\n|rule|Item Clause: Limit one of each item\n|clearpoke\n|poke|p1|Arcanine, L50, M|\n|poke|p1|Flutter Mane, L50|\n|poke|p1|Kingambit, L50, M|\n|poke|p1|Amoonguss, L50, F|\n|poke|p1|Ting-Lu, L50|\n|poke|p1|Palafin, L50, M|\n|poke|p2|Flutter Mane, L50|\n|poke|p2|Annihilape, L50, F|\n|poke|p2|Dragonite, L50, M|\n|poke|p2|Chien-Pao, L50|\n|poke|p2|Murkrow, L50, F|\n|poke|p2|Gholdengo, L50|\n|teampreview|4\n|inactive|Battle timer is ON: inactive players will automatically lose when time's up. (requested by Jaferlle17)\nJaferlle17 has agreed to open team sheets.\n|inactive|Jaferlle17 has 60 seconds left.\n|inactive|Jaferlle17 has 30 seconds left.\n|\n|t:|1684002672\n|start\n|switch|p1a: Ting-Lu|Ting-Lu, L50|100\/100\n|switch|p1b: Palafin|Palafin, L50, M, shiny|100\/100\n|switch|p2a: Murkrow|Murkrow, L50, F|100\/100\n|switch|p2b: Annihilape|Annihilape, L50, F|100\/100\n|-ability|p1a: Ting-Lu|Vessel of Ruin\n|turn|1\n|inactive|Jaferlle17 has 30 seconds left.\n|\n|t:|1684002700\n|move|p1b: Palafin|Taunt|p2a: Murkrow\n|-start|p2a: Murkrow|move: Taunt\n|move|p2b: Annihilape|Bulk Up|p2b: Annihilape\n|-boost|p2b: Annihilape|atk|1\n|-boost|p2b: Annihilape|def|1\n|move|p2a: Murkrow|Foul Play|p1b: Palafin\n|-damage|p1b: Palafin|55\/100\n|move|p1a: Ting-Lu|Sand Tomb|p2b: Annihilape|[miss]\n|-miss|p1a: Ting-Lu|p2b: Annihilape\n|\n|upkeep\n|turn|2\n|inactive|Jaferlle17 has 30 seconds left.\n|inactive|revocolombia has 30 seconds left.\n|\n|t:|1684002732\n|detailschange|p1b: Palafin|Palafin-Hero, L50, M, shiny\n|switch|p1b: Amoonguss|Amoonguss, L50, F|100\/100\n|move|p2b: Annihilape|Drain Punch|p1a: Ting-Lu\n|-supereffective|p1a: Ting-Lu\n|-damage|p1a: Ting-Lu|44\/100\n|move|p2a: Murkrow|Foul Play|p1b: Amoonguss\n|-damage|p1b: Amoonguss|78\/100\n|move|p1a: Ting-Lu|Sand Tomb|p2b: Annihilape|[miss]\n|-miss|p1a: Ting-Lu|p2b: Annihilape\n|\n|upkeep\n|turn|3\n|inactive|Jaferlle17 has 30 seconds left.\n|inactive|revocolombia has 30 seconds left.\n|inactive|revocolombia has 20 seconds left.\n|inactive|revocolombia has 15 seconds left.\n|inactive|revocolombia has 10 seconds left.\n|inactive|revocolombia has 5 seconds left.\n|\n|t:|1684002783\n|switch|p1a: Flutter Mane|Flutter Mane, L50|100\/100\n|-enditem|p1a: Flutter Mane|Booster Energy\n|-activate|p1a: Flutter Mane|ability: Protosynthesis|[fromitem]\n|-start|p1a: Flutter Mane|protosynthesisspa\n|move|p2b: Annihilape|Protect|p2b: Annihilape\n|-singleturn|p2b: Annihilape|Protect\n|move|p2a: Murkrow|Foul Play|p1b: Amoonguss\n|-damage|p1b: Amoonguss|57\/100\n|move|p1b: Amoonguss|Spore|p2a: Murkrow\n|-status|p2a: Murkrow|slp|[from] move: Spore\n|\n|-end|p2a: Murkrow|move: Taunt\n|upkeep\n|turn|4\n|inactive|revocolombia has 30 seconds left.\n|\n|t:|1684002811\n|-terastallize|p2b: Annihilape|Fire\n|cant|p2a: Murkrow|slp\n|move|p1a: Flutter Mane|Substitute|p1a: Flutter Mane\n|-start|p1a: Flutter Mane|Substitute\n|-damage|p1a: Flutter Mane|76\/100\n|move|p2b: Annihilape|Rage Fist|p1a: Flutter Mane\n|-supereffective|p1a: Flutter Mane\n|-end|p1a: Flutter Mane|Substitute\n|move|p1b: Amoonguss|Spore|p2b: Annihilape\n|-status|p2b: Annihilape|slp|[from] move: Spore\n|\n|upkeep\n|turn|5\n|\n|t:|1684002831\n|switch|p1b: Palafin|Palafin-Hero, L50, M, shiny|55\/100\n|-activate|p1b: Palafin|ability: Zero to Hero\n|cant|p2a: Murkrow|slp\n|move|p1a: Flutter Mane|Substitute|p1a: Flutter Mane\n|-start|p1a: Flutter Mane|Substitute\n|-damage|p1a: Flutter Mane|52\/100\n|cant|p2b: Annihilape|slp\n|\n|upkeep\n|turn|6\n|\n|t:|1684002849\n|-terastallize|p1b: Palafin|Water\n|-curestatus|p2a: Murkrow|slp|[msg]\n|move|p2a: Murkrow|Tailwind|p2a: Murkrow\n|-sidestart|p2: revocolombia|move: Tailwind\n|cant|p2b: Annihilape|slp\n|move|p1a: Flutter Mane|Dazzling Gleam|p2a: Murkrow|[spread] p2a,p2b\n|-supereffective|p2a: Murkrow\n|-resisted|p2b: Annihilape\n|-damage|p2a: Murkrow|20\/100\n|-damage|p2b: Annihilape|83\/100 slp\n|move|p1b: Palafin|Wave Crash|p2b: Annihilape\n|-supereffective|p2b: Annihilape\n|-damage|p2b: Annihilape|0 fnt\n|faint|p2b: Annihilape\n|-damage|p1b: Palafin|27\/100|[from] Recoil\n|\n|upkeep\n|\n|t:|1684002867\n|switch|p2b: Dragonite|Dragonite, L50, M|100\/100\n|turn|7\n|\n|t:|1684002880\n|move|p2b: Dragonite|Extreme Speed|p1b: Palafin\n|-damage|p1b: Palafin|1\/100\n|move|p1b: Palafin|Jet Punch|p2b: Dragonite\n|-resisted|p2b: Dragonite\n|-damage|p2b: Dragonite|83\/100\n|move|p2a: Murkrow|Foul Play|p1a: Flutter Mane\n|-end|p1a: Flutter Mane|Substitute\n|move|p1a: Flutter Mane|Dazzling Gleam|p2b: Dragonite|[spread] p2a,p2b\n|-supereffective|p2a: Murkrow\n|-supereffective|p2b: Dragonite\n|-damage|p2a: Murkrow|0 fnt\n|-damage|p2b: Dragonite|5\/100\n|faint|p2a: Murkrow\n|\n|upkeep\n|\n|t:|1684002894\n|switch|p2a: Chien-Pao|Chien-Pao, L50|100\/100\n|-ability|p2a: Chien-Pao|Sword of Ruin\n|turn|8\n|\n|t:|1684002903\n|move|p1a: Flutter Mane|Protect|p1a: Flutter Mane\n|-singleturn|p1a: Flutter Mane|Protect\n|move|p1b: Palafin|Protect|p1b: Palafin\n|-singleturn|p1b: Palafin|Protect\n|move|p2b: Dragonite|Extreme Speed|p1b: Palafin\n|-activate|p1b: Palafin|move: Protect\n|move|p2a: Chien-Pao|Ice Spinner|p1a: Flutter Mane\n|-activate|p1a: Flutter Mane|move: Protect\n|\n|upkeep\n|turn|9\n|\n|t:|1684002923\n|move|p2b: Dragonite|Extreme Speed|p1b: Palafin\n|-damage|p1b: Palafin|0 fnt\n|faint|p1b: Palafin\n|move|p2a: Chien-Pao|Ice Spinner|p1a: Flutter Mane\n|-damage|p1a: Flutter Mane|0 fnt\n|faint|p1a: Flutter Mane\n|-end|p1a: Flutter Mane|Protosynthesis|[silent]\n|\n|-sideend|p2: revocolombia|move: Tailwind\n|upkeep\n|\n|t:|1684002930\n|switch|p1a: Ting-Lu|Ting-Lu, L50|44\/100\n|switch|p1b: Amoonguss|Amoonguss, L50, F|90\/100\n|-ability|p1a: Ting-Lu|Vessel of Ruin\n|turn|10\n|inactive|revocolombia has 30 seconds left.\n|\n|t:|1684002958\n|move|p2a: Chien-Pao|Ice Spinner|p1b: Amoonguss\n|-supereffective|p1b: Amoonguss\n|-damage|p1b: Amoonguss|0 fnt\n|faint|p1b: Amoonguss\n|move|p2b: Dragonite|Low Kick|p1a: Ting-Lu\n|-supereffective|p1a: Ting-Lu\n|-damage|p1a: Ting-Lu|0 fnt\n|faint|p1a: Ting-Lu\n|\n|win|revocolombia\n|raw|Jaferlle17's rating: 1369 → 1346<\/strong> (-23 for losing)\n|raw|revocolombia's rating: 1309 → 1332<\/strong> (+23 for winning)\n|l|\u2606Jaferlle17\n","uploadtime":1684002968,"views":7,"p1id":"jaferlle17","p2id":"revocolombia","formatid":"gen9vgc2023regulationc","rating":1332,"private":0,"password":""}