{"id":"gen9vgc2023regulationc-1862112496","p1":"Piccolo Ruiz","p2":"rtjonesy","format":"[Gen 9] VGC 2023 Regulation C","log":"|j|\u2606Piccolo Ruiz\n|j|\u2606rtjonesy\n|t:|1683838231\n|gametype|doubles\n|player|p1|Piccolo Ruiz|valerie|1327\n|player|p2|rtjonesy|infielder|1236\n|teamsize|p1|6\n|teamsize|p2|6\n|gen|9\n|tier|[Gen 9] VGC 2023 Regulation C\n|rated|\n|rule|Species Clause: Limit one of each Pok\u00e9mon\n|rule|Item Clause: Limit one of each item\n|clearpoke\n|poke|p1|Flutter Mane, L50|\n|poke|p1|Amoonguss, L50, F|\n|poke|p1|Gyarados, L50, F|\n|poke|p1|Chi-Yu, L50|\n|poke|p1|Ting-Lu, L50|\n|poke|p1|Baxcalibur, L50, F|\n|poke|p2|Grimmsnarl, L50, M|\n|poke|p2|Annihilape, L50, M|\n|poke|p2|Flutter Mane, L50|\n|poke|p2|Chi-Yu, L50|\n|poke|p2|Arcanine, L50, M|\n|poke|p2|Baxcalibur, L50, M|\n|teampreview|4\n|inactive|Battle timer is ON: inactive players will automatically lose when time's up. (requested by Piccolo Ruiz)\n|inactive|Piccolo Ruiz has 60 seconds left.\n|\n|t:|1683838279\n|start\n|switch|p1a: Ting-Lu|Ting-Lu, L50|100\/100\n|switch|p1b: Amoonguss|Amoonguss, L50, F, shiny|100\/100\n|switch|p2a: Grimmsnarl|Grimmsnarl, L50, M|100\/100\n|switch|p2b: Annihilape|Annihilape, L50, M|100\/100\n|-ability|p1a: Ting-Lu|Vessel of Ruin\n|turn|1\n|inactive|rtjonesy has 30 seconds left.\n|\n|t:|1683838304\n|switch|p2b: Arcanine|Arcanine, L50, M|100\/100\n|-ability|p2b: Arcanine|Intimidate|boost\n|-unboost|p1a: Ting-Lu|atk|1\n|-unboost|p1b: Amoonguss|atk|1\n|move|p2a: Grimmsnarl|Reflect|p2a: Grimmsnarl\n|-sidestart|p2: rtjonesy|Reflect\n|move|p1a: Ting-Lu|Ruination|p2a: Grimmsnarl\n|-damage|p2a: Grimmsnarl|50\/100\n|move|p1b: Amoonguss|Spore|p2a: Grimmsnarl\n|-status|p2a: Grimmsnarl|slp|[from] move: Spore\n|\n|upkeep\n|turn|2\n|\n|t:|1683838321\n|switch|p1b: Katya|Baxcalibur, L50, F, shiny|100\/100\n|move|p2b: Arcanine|Will-O-Wisp|p1a: Ting-Lu|[miss]\n|-miss|p2b: Arcanine|p1a: Ting-Lu\n|cant|p2a: Grimmsnarl|slp\n|move|p1a: Ting-Lu|Ruination|p2b: Arcanine|[miss]\n|-miss|p1a: Ting-Lu|p2b: Arcanine\n|\n|upkeep\n|turn|3\n|\n|t:|1683838337\n|move|p1b: Katya|Icicle Crash|p2a: Grimmsnarl\n|-damage|p2a: Grimmsnarl|16\/100 slp\n|move|p2b: Arcanine|Will-O-Wisp|p1a: Ting-Lu\n|-status|p1a: Ting-Lu|brn\n|cant|p2a: Grimmsnarl|slp\n|move|p1a: Ting-Lu|Stomping Tantrum|p2a: Grimmsnarl\n|-damage|p2a: Grimmsnarl|2\/100 slp\n|\n|-damage|p1a: Ting-Lu|95\/100 brn|[from] brn\n|upkeep\n|turn|4\n|\n|t:|1683838353\n|switch|p2b: Annihilape|Annihilape, L50, M|100\/100\n|move|p1b: Katya|Icicle Crash|p2a: Grimmsnarl\n|-damage|p2a: Grimmsnarl|0 fnt\n|faint|p2a: Grimmsnarl\n|move|p1a: Ting-Lu|Ruination|p2b: Annihilape|[miss]\n|-miss|p1a: Ting-Lu|p2b: Annihilape\n|\n|-damage|p1a: Ting-Lu|89\/100 brn|[from] brn\n|upkeep\n|\n|t:|1683838364\n|switch|p2a: Chi-Yu|Chi-Yu, L50|100\/100\n|-ability|p2a: Chi-Yu|Beads of Ruin\n|turn|5\n|\n|t:|1683838380\n|-terastallize|p1b: Katya|Poison\n|move|p2a: Chi-Yu|Dark Pulse|p1b: Katya\n|-damage|p1b: Katya|61\/100\n|cant|p1b: Katya|flinch\n|move|p2b: Annihilape|Bulk Up|p2b: Annihilape\n|-boost|p2b: Annihilape|atk|1\n|-boost|p2b: Annihilape|def|1\n|move|p1a: Ting-Lu|Rock Tomb|p2a: Chi-Yu\n|-supereffective|p2a: Chi-Yu\n|-damage|p2a: Chi-Yu|88\/100\n|-unboost|p2a: Chi-Yu|spe|1\n|\n|-damage|p1a: Ting-Lu|83\/100 brn|[from] brn\n|upkeep\n|turn|6\n|\n|t:|1683838401\n|move|p1b: Katya|Protect|p1b: Katya\n|-singleturn|p1b: Katya|Protect\n|move|p2a: Chi-Yu|Dark Pulse|p1b: Katya\n|-activate|p1b: Katya|move: Protect\n|move|p2b: Annihilape|Rage Fist|p1b: Katya\n|-activate|p1b: Katya|move: Protect\n|move|p1a: Ting-Lu|Ruination|p2a: Chi-Yu\n|-damage|p2a: Chi-Yu|44\/100\n|\n|-damage|p1a: Ting-Lu|77\/100 brn|[from] brn\n|upkeep\n|turn|7\n|\n|t:|1683838421\n|switch|p1a: Amoonguss|Amoonguss, L50, F, shiny|100\/100\n|move|p2a: Chi-Yu|Dark Pulse|p1b: Katya\n|-damage|p1b: Katya|9\/100\n|move|p1b: Katya|Glaive Rush|p2a: Chi-Yu\n|-damage|p2a: Chi-Yu|0 fnt\n|-singlemove|p1b: Katya|Glaive Rush|[silent]\n|faint|p2a: Chi-Yu\n|move|p2b: Annihilape|Bulk Up|p2b: Annihilape\n|-boost|p2b: Annihilape|atk|1\n|-boost|p2b: Annihilape|def|1\n|\n|upkeep\n|\n|t:|1683838431\n|switch|p2a: Arcanine|Arcanine, L50, M|100\/100\n|-ability|p2a: Arcanine|Intimidate|boost\n|-unboost|p1a: Amoonguss|atk|1\n|-fail|p1b: Katya|unboost|[from] item: Clear Amulet|[of] p1b: Katya\n|turn|8\n|\n|t:|1683838448\n|move|p2b: Annihilape|Protect|p2b: Annihilape\n|-singleturn|p2b: Annihilape|Protect\n|move|p1a: Amoonguss|Protect|p1a: Amoonguss\n|-singleturn|p1a: Amoonguss|Protect\n|move|p1b: Katya|Glaive Rush|p2a: Arcanine\n|-damage|p2a: Arcanine|51\/100\n|-singlemove|p1b: Katya|Glaive Rush|[silent]\n|move|p2a: Arcanine|Snarl|p1b: Katya|[spread] p1b\n|-activate|p1a: Amoonguss|move: Protect\n|-damage|p1b: Katya|0 fnt\n|faint|p1b: Katya\n|\n|-sideend|p2: rtjonesy|Reflect\n|upkeep\n|\n|t:|1683838465\n|switch|p1b: Ting-Lu|Ting-Lu, L50|77\/100 brn\n|-ability|p1b: Ting-Lu|Vessel of Ruin\n|turn|9\n|\n|t:|1683838488\n|move|p2a: Arcanine|Flare Blitz|p1a: Amoonguss\n|-supereffective|p1a: Amoonguss\n|-damage|p1a: Amoonguss|9\/100\n|-status|p1a: Amoonguss|brn\n|-enditem|p1a: Amoonguss|Sitrus Berry|[eat]\n|-heal|p1a: Amoonguss|34\/100 brn|[from] item: Sitrus Berry\n|-damage|p2a: Arcanine|17\/100|[from] Recoil\n|move|p2b: Annihilape|Drain Punch|p1a: Amoonguss\n|-resisted|p1a: Amoonguss\n|-damage|p1a: Amoonguss|7\/100 brn\n|move|p1b: Ting-Lu|Stomping Tantrum|p2a: Arcanine\n|-supereffective|p2a: Arcanine\n|-damage|p2a: Arcanine|0 fnt\n|faint|p2a: Arcanine\n|move|p1a: Amoonguss|Spore|p2b: Annihilape\n|-status|p2b: Annihilape|slp|[from] move: Spore\n|\n|-damage|p1b: Ting-Lu|71\/100 brn|[from] brn\n|-damage|p1a: Amoonguss|1\/100 brn|[from] brn\n|upkeep\n|turn|10\n|\n|t:|1683838511\n|switch|p1a: Sasha Colby|Flutter Mane, L50|100\/100\n|-enditem|p1a: Sasha Colby|Booster Energy\n|-activate|p1a: Sasha Colby|ability: Protosynthesis|[fromitem]\n|-start|p1a: Sasha Colby|protosynthesisspa\n|cant|p2b: Annihilape|slp\n|move|p1b: Ting-Lu|Ruination|p2b: Annihilape\n|-damage|p2b: Annihilape|51\/100 slp\n|\n|-heal|p2b: Annihilape|57\/100 slp|[from] item: Leftovers\n|-damage|p1b: Ting-Lu|65\/100 brn|[from] brn\n|upkeep\n|turn|11\n|\n|t:|1683838523\n|switch|p1b: Amoonguss|Amoonguss, L50, F, shiny|35\/100 brn\n|-terastallize|p2b: Annihilape|Fire\n|move|p1a: Sasha Colby|Shadow Ball|p2b: Annihilape\n|-damage|p2b: Annihilape|5\/100 slp\n|-curestatus|p2b: Annihilape|slp|[msg]\n|move|p2b: Annihilape|Rage Fist|p1a: Sasha Colby\n|-supereffective|p1a: Sasha Colby\n|-damage|p1a: Sasha Colby|0 fnt\n|faint|p1a: Sasha Colby\n|-end|p1a: Sasha Colby|Protosynthesis|[silent]\n|\n|-heal|p2b: Annihilape|11\/100|[from] item: Leftovers\n|-damage|p1b: Amoonguss|29\/100 brn|[from] brn\n|upkeep\n|\n|t:|1683838534\n|switch|p1a: Ting-Lu|Ting-Lu, L50|65\/100 brn\n|-ability|p1a: Ting-Lu|Vessel of Ruin\n|turn|12\n|inactive|Piccolo Ruiz has 30 seconds left.\n|\n|t:|1683838561\n|move|p2b: Annihilape|Protect|p2b: Annihilape\n|-singleturn|p2b: Annihilape|Protect\n|move|p1b: Amoonguss|Rage Powder|p1b: Amoonguss\n|-singleturn|p1b: Amoonguss|move: Rage Powder\n|move|p1a: Ting-Lu|Stomping Tantrum|p2b: Annihilape\n|-activate|p2b: Annihilape|move: Protect\n|\n|-heal|p2b: Annihilape|18\/100|[from] item: Leftovers\n|-damage|p1a: Ting-Lu|59\/100 brn|[from] brn\n|-damage|p1b: Amoonguss|23\/100 brn|[from] brn\n|upkeep\n|turn|13\n|\n|t:|1683838577\n|move|p1b: Amoonguss|Protect|p1b: Amoonguss\n|-singleturn|p1b: Amoonguss|Protect\n|move|p2b: Annihilape|Drain Punch|p1a: Ting-Lu\n|-supereffective|p1a: Ting-Lu\n|-damage|p1a: Ting-Lu|0 fnt\n|-heal|p2b: Annihilape|51\/100|[from] drain|[of] p1a: Ting-Lu\n|faint|p1a: Ting-Lu\n|\n|-heal|p2b: Annihilape|57\/100|[from] item: Leftovers\n|-damage|p1b: Amoonguss|17\/100 brn|[from] brn\n|upkeep\n|turn|14\n|-message|Piccolo Ruiz forfeited.\n|\n|win|rtjonesy\n|raw|Piccolo Ruiz's rating: 1327 → 1302<\/strong> (-25 for losing)\n|raw|rtjonesy's rating: 1236 → 1267<\/strong> (+31 for winning)\n|l|\u2606rtjonesy\n","uploadtime":1683838596,"views":7,"p1id":"piccoloruiz","p2id":"rtjonesy","formatid":"gen9vgc2023regulationc","rating":1267,"private":0,"password":""}