{"id":"gen9vgc2023regulationc-1850029135","p1":"eshe0","p2":"exstraspaceDND","format":"[Gen 9] VGC 2023 Regulation C","log":"|j|\u2606eshe0\n|j|\u2606exstraspaceDND\n|t:|1682279600\n|gametype|doubles\n|player|p1|eshe0|101|\n|player|p2|exstraspaceDND|drayden|\n|teamsize|p1|6\n|teamsize|p2|6\n|gen|9\n|tier|[Gen 9] VGC 2023 Regulation C\n|rule|Species Clause: Limit one of each Pok\u00e9mon\n|rule|Item Clause: Limit one of each item\n|clearpoke\n|poke|p1|Iron Valiant, L50|\n|poke|p1|Pawmot, L50, M|\n|poke|p1|Kingambit, L50, M|\n|poke|p1|Stantler, L50, M|\n|poke|p1|Gengar, L50, F|\n|poke|p1|Dachsbun, L50, F|\n|poke|p2|Scizor, L50, M|\n|poke|p2|Qwilfish, L50, M|\n|poke|p2|Rotom-Heat, L50|\n|poke|p2|Garchomp, L50, M|\n|poke|p2|Jumpluff, L50, M|\n|poke|p2|Iron Bundle, L50|\n|teampreview|4\n|j| judevgc\n|\n|t:|1682279645\n|start\n|switch|p1a: Gengar|Gengar, L50, F|100\/100\n|switch|p1b: Pawmot|Pawmot, L50, M|100\/100\n|switch|p2a: Garchomp|Garchomp, L50, M|100\/100\n|switch|p2b: Jumpluff|Jumpluff, L50, M|100\/100\n|turn|1\n|\n|t:|1682279659\n|move|p2b: Jumpluff|Tailwind|p2b: Jumpluff\n|-sidestart|p2: exstraspaceDND|move: Tailwind\n|move|p2a: Garchomp|Earthquake|p1b: Pawmot|[spread] p1a,p1b\n|-immune|p2b: Jumpluff\n|-supereffective|p1a: Gengar\n|-supereffective|p1b: Pawmot\n|-damage|p1a: Gengar|0 fnt\n|-enditem|p1b: Pawmot|Focus Sash\n|-damage|p1b: Pawmot|1\/100\n|-start|p2a: Garchomp|Disable|Earthquake|[from] ability: Cursed Body|[of] p1a: Gengar\n|faint|p1a: Gengar\n|move|p1b: Pawmot|Ice Punch|p2a: Garchomp\n|-supereffective|p2a: Garchomp\n|-damage|p2a: Garchomp|0 fnt\n|-damage|p1b: Pawmot|0 fnt|[from] ability: Rough Skin|[of] p2a: Garchomp\n|faint|p2a: Garchomp\n|faint|p1b: Pawmot\n|\n|upkeep\n|\n|t:|1682279676\n|switch|p1a: Kingambit|Kingambit, L50, M|100\/100\n|switch|p1b: Stantler|Stantler, L50, M|100\/100\n|switch|p2a: Scizor|Scizor, L50, M|100\/100\n|-ability|p1b: Stantler|Intimidate|boost\n|-unboost|p2a: Scizor|atk|1\n|-unboost|p2b: Jumpluff|atk|1\n|turn|2\n|\n|t:|1682279699\n|move|p1a: Kingambit|Protect|p1a: Kingambit\n|-singleturn|p1a: Kingambit|Protect\n|move|p2a: Scizor|Bullet Punch|p1a: Kingambit\n|-activate|p1a: Kingambit|move: Protect\n|move|p2b: Jumpluff|Sleep Powder|p1a: Kingambit\n|-activate|p1a: Kingambit|move: Protect\n|move|p1b: Stantler|Trick Room|p1b: Stantler\n|-fieldstart|move: Trick Room|[of] p1b: Stantler\n|\n|upkeep\n|turn|3\n|\n|t:|1682279722\n|switch|p2a: Qwilfish|Qwilfish, L50, M|100\/100\n|-ability|p2a: Qwilfish|Intimidate|boost\n|-unboost|p1a: Kingambit|atk|1\n|-ability|p1a: Kingambit|Defiant|boost\n|-boost|p1a: Kingambit|atk|2\n|-unboost|p1b: Stantler|atk|1\n|-terastallize|p1a: Kingambit|Dark\n|move|p1a: Kingambit|Kowtow Cleave|p2a: Qwilfish\n|-damage|p2a: Qwilfish|0 fnt\n|-damage|p1a: Kingambit|84\/100|[from] item: Rocky Helmet|[of] p2a: Qwilfish\n|faint|p2a: Qwilfish\n|move|p1b: Stantler|Skill Swap|p2b: Jumpluff\n|-activate|p1b: Stantler|move: Skill Swap|Chlorophyll|Intimidate|[of] p2b: Jumpluff\n|-ability|p2b: Jumpluff|Intimidate|boost\n|-unboost|p1a: Kingambit|atk|1\n|-ability|p1a: Kingambit|Defiant|boost\n|-boost|p1a: Kingambit|atk|2\n|-unboost|p1b: Stantler|atk|1\n|move|p2b: Jumpluff|Sleep Powder|p1a: Kingambit\n|-status|p1a: Kingambit|slp|[from] move: Sleep Powder\n|\n|upkeep\n|\n|t:|1682279741\n|switch|p2a: Scizor|Scizor, L50, M|100\/100\n|turn|4\n|c|\u2606exstraspaceDND|god dam\n|\n|t:|1682279761\n|move|p2b: Jumpluff|Rage Powder|p2b: Jumpluff\n|-singleturn|p2b: Jumpluff|move: Rage Powder\n|cant|p1a: Kingambit|slp\n|move|p1b: Stantler|Skill Swap|p2b: Jumpluff\n|-activate|p1b: Stantler|move: Skill Swap|Intimidate|Chlorophyll|[of] p2b: Jumpluff\n|-ability|p1b: Stantler|Intimidate|boost\n|-unboost|p2a: Scizor|atk|1\n|-unboost|p2b: Jumpluff|atk|1\n|move|p2a: Scizor|Close Combat|p1a: Kingambit\n|-supereffective|p1a: Kingambit\n|-damage|p1a: Kingambit|19\/100 slp\n|-unboost|p2a: Scizor|def|1\n|-unboost|p2a: Scizor|spd|1\n|-enditem|p1a: Kingambit|Iapapa Berry|[eat]\n|-heal|p1a: Kingambit|53\/100 slp|[from] item: Iapapa Berry\n|\n|-sideend|p2: exstraspaceDND|move: Tailwind\n|upkeep\n|turn|5\n|c|\u2606exstraspaceDND|thats a cool combo\n|\n|t:|1682279782\n|move|p2b: Jumpluff|Rage Powder|p2b: Jumpluff\n|-singleturn|p2b: Jumpluff|move: Rage Powder\n|cant|p1a: Kingambit|slp\n|move|p2a: Scizor|Close Combat|p1a: Kingambit\n|-supereffective|p1a: Kingambit\n|-damage|p1a: Kingambit|0 fnt\n|-unboost|p2a: Scizor|def|1\n|-unboost|p2a: Scizor|spd|1\n|faint|p1a: Kingambit\n|move|p1b: Stantler|Skill Swap|p2b: Jumpluff\n|-activate|p1b: Stantler|move: Skill Swap|Chlorophyll|Intimidate|[of] p2b: Jumpluff\n|-ability|p2b: Jumpluff|Intimidate|boost\n|-unboost|p1b: Stantler|atk|1\n|\n|upkeep\n|turn|6\n|c|\u2606eshe0|ikr\n|\n|t:|1682279797\n|move|p2b: Jumpluff|Rage Powder|p2b: Jumpluff\n|-singleturn|p2b: Jumpluff|move: Rage Powder\n|move|p2a: Scizor|Close Combat|p1b: Stantler\n|-supereffective|p1b: Stantler\n|-damage|p1b: Stantler|30\/100\n|-unboost|p2a: Scizor|def|1\n|-unboost|p2a: Scizor|spd|1\n|move|p1b: Stantler|Skill Swap|p2b: Jumpluff\n|-activate|p1b: Stantler|move: Skill Swap|Intimidate|Chlorophyll|[of] p2b: Jumpluff\n|-ability|p1b: Stantler|Intimidate|boost\n|-unboost|p2a: Scizor|atk|1\n|-unboost|p2b: Jumpluff|atk|1\n|\n|-fieldend|move: Trick Room\n|upkeep\n|turn|7\n|c|\u2606eshe0|if I just had an attacking move on this thing\n|\n|t:|1682279816\n|move|p2b: Jumpluff|Rage Powder|p2b: Jumpluff\n|-singleturn|p2b: Jumpluff|move: Rage Powder\n|move|p1b: Stantler|Skill Swap|p2b: Jumpluff\n|-activate|p1b: Stantler|move: Skill Swap|Chlorophyll|Intimidate|[of] p2b: Jumpluff\n|-ability|p2b: Jumpluff|Intimidate|boost\n|-unboost|p1b: Stantler|atk|1\n|move|p2a: Scizor|Close Combat|p1b: Stantler\n|-supereffective|p1b: Stantler\n|-damage|p1b: Stantler|0 fnt\n|-unboost|p2a: Scizor|def|1\n|-unboost|p2a: Scizor|spd|1\n|faint|p1b: Stantler\n|\n|win|exstraspaceDND\n|c|\u2606eshe0|this might have still been winnable\n|c|\u2606eshe0|gg\n|c|\u2606eshe0|want a third game?\n|c|\u2606exstraspaceDND|yea gg\n|c|\u2606exstraspaceDND|sure\n|c|\u2606exstraspaceDND|lets go round 3\n|l|\u2606exstraspaceDND\n|l| judevgc\n","uploadtime":1682280314,"views":11,"p1id":"eshe0","p2id":"exstraspacednd","formatid":"gen9vgc2023regulationc","rating":0,"private":0,"password":""}