{"id":"gen9vgc2023regulationc-1847487978","p1":"FurretSucksVGC","p2":"GAPDHC","format":"[Gen 9] VGC 2023 Regulation C","log":"|j|\u2606FurretSucksVGC\n|j|\u2606GAPDHC\n|t:|1681961417\n|gametype|doubles\n|player|p1|FurretSucksVGC|hilbert|1516\n|player|p2|GAPDHC|ruinmaniac|1480\n|teamsize|p1|6\n|teamsize|p2|6\n|gen|9\n|tier|[Gen 9] VGC 2023 Regulation C\n|rated|\n|rule|Species Clause: Limit one of each Pok\u00e9mon\n|rule|Item Clause: Limit one of each item\n|clearpoke\n|poke|p1|Revavroom, L50, F|\n|poke|p1|Iron Hands, L50|\n|poke|p1|Vivillon, L50, M|\n|poke|p1|Baxcalibur, L50, M|\n|poke|p1|Chi-Yu, L50|\n|poke|p1|Vaporeon, L50, F|\n|poke|p2|Bruxish, L50, M|\n|poke|p2|Coalossal, L50, F|\n|poke|p2|Dragonite, L50, F|\n|poke|p2|Chien-Pao, L50|\n|poke|p2|Amoonguss, L50, M|\n|poke|p2|Flutter Mane, L50|\n|teampreview|4\nFurretSucksVGC has agreed to open team sheets.\nGAPDHC has agreed to open team sheets.\n|\n|t:|1681961521\n|start\n|switch|p1a: Vivillon|Vivillon, L50, M|100\/100\n|switch|p1b: Iron Hands|Iron Hands, L50|100\/100\n|switch|p2a: Chien-Pao|Chien-Pao, L50|100\/100\n|switch|p2b: Flutter Mane|Flutter Mane, L50|100\/100\n|-ability|p2a: Chien-Pao|Sword of Ruin\n|-enditem|p2b: Flutter Mane|Booster Energy\n|-activate|p2b: Flutter Mane|ability: Protosynthesis|[fromitem]\n|-start|p2b: Flutter Mane|protosynthesisspa\n|turn|1\n|\n|t:|1681961559\n|-terastallize|p2a: Chien-Pao|Ghost\n|move|p1b: Iron Hands|Fake Out|p2a: Chien-Pao\n|-immune|p2a: Chien-Pao\n|move|p2a: Chien-Pao|Ice Spinner|p1a: Vivillon\n|-supereffective|p1a: Vivillon\n|-enditem|p1a: Vivillon|Focus Sash\n|-damage|p1a: Vivillon|1\/100\n|-damage|p2a: Chien-Pao|91\/100|[from] item: Life Orb\n|move|p2b: Flutter Mane|Dazzling Gleam|p1a: Vivillon|[spread] p1a,p1b\n|-supereffective|p1b: Iron Hands\n|-damage|p1a: Vivillon|0 fnt\n|-damage|p1b: Iron Hands|49\/100\n|faint|p1a: Vivillon\n|\n|upkeep\n|\n|t:|1681961580\n|switch|p1a: Baxcalibur|Baxcalibur, L50, M|100\/100\n|turn|2\n|\n|t:|1681961588\n|-end|p1b: Iron Hands|Quark Drive|[silent]\n|switch|p1b: Revavroom|Revavroom, L50, F|100\/100\n|-terastallize|p1a: Baxcalibur|Water\n|move|p2a: Chien-Pao|Sacred Sword|p1a: Baxcalibur\n|-damage|p1a: Baxcalibur|51\/100\n|-damage|p2a: Chien-Pao|81\/100|[from] item: Life Orb\n|move|p2b: Flutter Mane|Dazzling Gleam|p1a: Baxcalibur|[spread] p1a,p1b\n|-resisted|p1b: Revavroom\n|-damage|p1a: Baxcalibur|12\/100\n|-damage|p1b: Revavroom|88\/100\n|move|p1a: Baxcalibur|Icicle Spear|p2b: Flutter Mane\n|-damage|p2b: Flutter Mane|61\/100\n|-damage|p2b: Flutter Mane|18\/100\n|-damage|p2b: Flutter Mane|0 fnt\n|faint|p2b: Flutter Mane\n|-end|p2b: Flutter Mane|Protosynthesis|[silent]\n|-hitcount|p2: Flutter Mane|3\n|\n|upkeep\n|\n|t:|1681961605\n|switch|p2b: Coalossal|Coalossal, L50, F|100\/100\n|turn|3\n|\n|t:|1681961669\n|move|p1b: Revavroom|Protect|p1b: Revavroom\n|-singleturn|p1b: Revavroom|Protect\n|move|p2a: Chien-Pao|Sacred Sword|p1a: Baxcalibur\n|-damage|p1a: Baxcalibur|0 fnt\n|faint|p1a: Baxcalibur\n|-damage|p2a: Chien-Pao|71\/100|[from] item: Life Orb\n|move|p2b: Coalossal|Earth Power|p1b: Revavroom\n|-activate|p1b: Revavroom|move: Protect\n|\n|upkeep\n|\n|t:|1681961679\n|switch|p1a: Iron Hands|Iron Hands, L50|49\/100\n|turn|4\n|\n|t:|1681961702\n|move|p2a: Chien-Pao|Sacred Sword|p1b: Revavroom\n|-damage|p1b: Revavroom|27\/100\n|-damage|p2a: Chien-Pao|61\/100|[from] item: Life Orb\n|move|p1b: Revavroom|Iron Head|p2a: Chien-Pao\n|-damage|p2a: Chien-Pao|12\/100\n|move|p1a: Iron Hands|Drain Punch|p2b: Coalossal\n|-supereffective|p2b: Coalossal\n|-damage|p2b: Coalossal|24\/100\n|-heal|p1a: Iron Hands|80\/100|[from] drain|[of] p2b: Coalossal\n|-enditem|p2b: Coalossal|Weakness Policy\n|-boost|p2b: Coalossal|atk|2|[from] item: Weakness Policy\n|-boost|p2b: Coalossal|spa|2|[from] item: Weakness Policy\n|move|p2b: Coalossal|Heat Wave|p1a: Iron Hands|[spread] p1a,p1b\n|-supereffective|p1b: Revavroom\n|-damage|p1a: Iron Hands|47\/100\n|-damage|p1b: Revavroom|0 fnt\n|faint|p1b: Revavroom\n|\n|upkeep\n|turn|5\n|\n|t:|1681961722\n|move|p2a: Chien-Pao|Ice Spinner|p1a: Iron Hands\n|-damage|p1a: Iron Hands|7\/100\n|-damage|p2a: Chien-Pao|2\/100|[from] item: Life Orb\n|move|p1a: Iron Hands|Drain Punch|p2b: Coalossal\n|-supereffective|p2b: Coalossal\n|-damage|p2b: Coalossal|0 fnt\n|-heal|p1a: Iron Hands|17\/100|[from] drain|[of] p2b: Coalossal\n|faint|p2b: Coalossal\n|\n|upkeep\n|\n|t:|1681961731\n|switch|p2b: Bruxish|Bruxish, L50, M|100\/100\n|turn|6\n|\n|t:|1681961738\n|move|p2a: Chien-Pao|Ice Spinner|p1a: Iron Hands\n|-damage|p1a: Iron Hands|0 fnt\n|faint|p1a: Iron Hands\n|-end|p1a: Iron Hands|Quark Drive|[silent]\n|-damage|p2a: Chien-Pao|0 fnt|[from] item: Life Orb\n|faint|p2a: Chien-Pao\n|\n|win|GAPDHC\n|raw|FurretSucksVGC's rating: 1516 → 1494<\/strong> (-22 for losing)\n|raw|GAPDHC's rating: 1480 → 1502<\/strong> (+22 for winning)\n|c|\u2606FurretSucksVGC|gg\n|l|\u2606GAPDHC\n","uploadtime":1681961798,"views":10,"p1id":"furretsucksvgc","p2id":"gapdhc","formatid":"gen9vgc2023regulationc","rating":1494,"private":0,"password":""}