{"id":"gen9vgc2023regulationc-1848187109","p1":"SoggyWaffles35","p2":"berah95","format":"[Gen 9] VGC 2023 Regulation C","log":"|j|\u2606SoggyWaffles35\n|j|\u2606berah95\n|t:|1682040046\n|gametype|doubles\n|player|p1|SoggyWaffles35|265|1190\n|player|p2|berah95|silver|1139\n|teamsize|p1|6\n|teamsize|p2|6\n|gen|9\n|tier|[Gen 9] VGC 2023 Regulation C\n|rated|\n|rule|Species Clause: Limit one of each Pok\u00e9mon\n|rule|Item Clause: Limit one of each item\n|clearpoke\n|poke|p1|Orthworm, L50, M|\n|poke|p1|Ting-Lu, L50|\n|poke|p1|Chien-Pao, L50|\n|poke|p1|Dragonite, L50, M|\n|poke|p1|Gyarados, L50, F|\n|poke|p1|Flutter Mane, L50|\n|poke|p2|Torkoal, L50, F|\n|poke|p2|Armarouge, L50, M|\n|poke|p2|Indeedee-F, L50, F|\n|poke|p2|Garchomp, L50, M|\n|poke|p2|Gyarados, L50, F|\n|poke|p2|Chi-Yu, L50|\n|teampreview|4\nSoggyWaffles35 has agreed to open team sheets.\nberah95 rejected open team sheets.\n|\n|t:|1682040114\n|start\n|switch|p1a: Ting-Lu|Ting-Lu, L50|100\/100\n|switch|p1b: Orthworm|Orthworm, L50, M|100\/100\n|switch|p2a: Indeedee|Indeedee-F, L50, F|100\/100\n|switch|p2b: Gyarados|Gyarados, L50, F|100\/100\n|-ability|p2b: Gyarados|Intimidate|boost\n|-fail|p1a: Ting-Lu|unboost|[from] item: Clear Amulet|[of] p1a: Ting-Lu\n|-unboost|p1b: Orthworm|atk|1\n|-fieldstart|move: Psychic Terrain|[from] ability: Psychic Surge|[of] p2a: Indeedee\n|-enditem|p2a: Indeedee|Psychic Seed\n|-boost|p2a: Indeedee|spd|1|[from] item: Psychic Seed\n|-ability|p1a: Ting-Lu|Vessel of Ruin\n|turn|1\n|\n|t:|1682040154\n|move|p2b: Gyarados|Dragon Dance|p2b: Gyarados\n|-boost|p2b: Gyarados|atk|1\n|-boost|p2b: Gyarados|spe|1\n|move|p2a: Indeedee|Dazzling Gleam|p1b: Orthworm|[spread] p1a,p1b\n|-supereffective|p1a: Ting-Lu\n|-resisted|p1b: Orthworm\n|-damage|p1a: Ting-Lu|86\/100\n|-damage|p1b: Orthworm|95\/100\n|move|p1b: Orthworm|Heavy Slam|p2a: Indeedee\n|-damage|p2a: Indeedee|78\/100\n|move|p1a: Ting-Lu|Rock Slide|p2a: Indeedee|[spread] p2a\n|-miss|p1a: Ting-Lu|p2b: Gyarados\n|-damage|p2a: Indeedee|59\/100\n|\n|upkeep\n|turn|2\n|\n|t:|1682040188\n|-terastallize|p1a: Ting-Lu|Water\n|move|p2b: Gyarados|Waterfall|p1a: Ting-Lu\n|-resisted|p1a: Ting-Lu\n|-damage|p1a: Ting-Lu|72\/100\n|move|p1b: Orthworm|Shed Tail|p1b: Orthworm\n|-start|p1b: Orthworm|Substitute|[from] move: Shed Tail\n|-damage|p1b: Orthworm|45\/100\n|-enditem|p1b: Orthworm|Sitrus Berry|[eat]\n|-heal|p1b: Orthworm|70\/100|[from] item: Sitrus Berry\n|\n|t:|1682040198\n|switch|p1b: Dragonite|Dragonite, L50, M|100\/100|[from] Shed Tail\n|move|p1a: Ting-Lu|Rock Slide|p2b: Gyarados|[spread] p2a\n|-miss|p1a: Ting-Lu|p2b: Gyarados\n|-damage|p2a: Indeedee|41\/100\n|move|p2a: Indeedee|Trick Room|p2a: Indeedee\n|-fieldstart|move: Trick Room|[of] p2a: Indeedee\n|\n|upkeep\n|turn|3\n|\n|t:|1682040237\n|move|p2a: Indeedee|Follow Me|p2a: Indeedee\n|-singleturn|p2a: Indeedee|move: Follow Me\n|move|p1a: Ting-Lu|Rock Slide|p2a: Indeedee|[spread] p2a,p2b\n|-supereffective|p2b: Gyarados\n|-damage|p2a: Indeedee|22\/100\n|-damage|p2b: Gyarados|68\/100\n|move|p1b: Dragonite|Thunder Punch|p2a: Indeedee\n|-damage|p2a: Indeedee|0 fnt\n|faint|p2a: Indeedee\n|move|p2b: Gyarados|Crunch|p1a: Ting-Lu\n|-damage|p1a: Ting-Lu|53\/100\n|\n|-heal|p2b: Gyarados|74\/100|[from] item: Leftovers\n|upkeep\n|\n|t:|1682040249\n|switch|p2a: Chi-Yu|Chi-Yu, L50|100\/100\n|-ability|p2a: Chi-Yu|Beads of Ruin\n|turn|4\n|\n|t:|1682040261\n|move|p1a: Ting-Lu|Earthquake|p2b: Gyarados|[spread] p2a\n|-immune|p1b: Dragonite\n|-immune|p2b: Gyarados\n|-supereffective|p2a: Chi-Yu\n|-enditem|p2a: Chi-Yu|Focus Sash\n|-damage|p2a: Chi-Yu|1\/100\n|move|p1b: Dragonite|Thunder Punch|p2b: Gyarados\n|-supereffective|p2b: Gyarados\n|-damage|p2b: Gyarados|0 fnt\n|faint|p2b: Gyarados\n|move|p2a: Chi-Yu|Dark Pulse|p1b: Dragonite\n|-activate|p1b: Dragonite|move: Substitute|[damage]\n|\n|upkeep\n|\n|t:|1682040275\n|switch|p2b: Torkoal|Torkoal, L50, F|100\/100\n|-weather|SunnyDay|[from] ability: Drought|[of] p2b: Torkoal\n|turn|5\n|\n|t:|1682040303\n|-terastallize|p2b: Torkoal|Fire\n|move|p2a: Chi-Yu|Protect|p2a: Chi-Yu\n|-singleturn|p2a: Chi-Yu|Protect\n|move|p2b: Torkoal|Eruption|p1b: Dragonite|[spread] p1a,p1b\n|-resisted|p1b: Dragonite\n|-end|p1b: Dragonite|Substitute\n|-resisted|p1a: Ting-Lu\n|-damage|p1a: Ting-Lu|4\/100\n|move|p1a: Ting-Lu|Earthquake|p2b: Torkoal|[spread] p2b\n|-activate|p2a: Chi-Yu|move: Protect\n|-immune|p1b: Dragonite\n|-supereffective|p2b: Torkoal\n|-damage|p2b: Torkoal|43\/100\n|move|p1b: Dragonite|Earthquake|p2b: Torkoal|[spread] p1a,p2b\n|-activate|p2a: Chi-Yu|move: Protect\n|-supereffective|p2b: Torkoal\n|-damage|p1a: Ting-Lu|0 fnt\n|-damage|p2b: Torkoal|6\/100\n|faint|p1a: Ting-Lu\n|\n|-weather|SunnyDay|[upkeep]\n|-fieldend|move: Psychic Terrain\n|upkeep\n|-message|berah95 forfeited.\n|\n|win|SoggyWaffles35\n|raw|SoggyWaffles35's rating: 1190 → 1211<\/strong> (+21 for winning)\n|raw|berah95's rating: 1139 → 1118<\/strong> (-21 for losing)\n|l|\u2606berah95\n","uploadtime":1682040336,"views":7,"p1id":"soggywaffles35","p2id":"berah95","formatid":"gen9vgc2023regulationc","rating":1118,"private":0,"password":""}