{"id":"gen9vgc2023regulationc-1850476609","p1":"LotharJ","p2":"Cellotest3","format":"[Gen 9] VGC 2023 Regulation C","log":"|j|\u2606LotharJ\n|j|\u2606Cellotest3\n|t:|1682341052\n|gametype|doubles\n|player|p1|LotharJ|170|1239\n|player|p2|Cellotest3|265|1345\n|teamsize|p1|6\n|teamsize|p2|6\n|gen|9\n|tier|[Gen 9] VGC 2023 Regulation C\n|rated|\n|rule|Species Clause: Limit one of each Pok\u00e9mon\n|rule|Item Clause: Limit one of each item\n|clearpoke\n|poke|p1|Amoonguss, L50, M|\n|poke|p1|Arcanine, L50, M|\n|poke|p1|Palafin, L50, F|\n|poke|p1|Ting-Lu, L50|\n|poke|p1|Kingambit, L50, F|\n|poke|p1|Flutter Mane, L50|\n|poke|p2|Amoonguss, L50, F|\n|poke|p2|Kingambit, L50, F|\n|poke|p2|Arcanine, L50, F|\n|poke|p2|Palafin, L50, F|\n|poke|p2|Baxcalibur, L50, F|\n|poke|p2|Flutter Mane, L50|\n|teampreview|4\n|inactive|Battle timer is ON: inactive players will automatically lose when time's up. (requested by LotharJ)\nCellotest3 has agreed to open team sheets.\n|inactive|Cellotest3 has 60 seconds left.\n|\n|t:|1682341145\n|start\n|switch|p1a: Palafin|Palafin, L50, F|100\/100\n|switch|p1b: Kingambit|Kingambit, L50, F|100\/100\n|switch|p2a: Arcanine|Arcanine, L50, F|100\/100\n|switch|p2b: Flutter Mane|Flutter Mane, L50|100\/100\n|-ability|p2a: Arcanine|Intimidate|boost\n|-unboost|p1a: Palafin|atk|1\n|-unboost|p1b: Kingambit|atk|1\n|-ability|p1b: Kingambit|Defiant|boost\n|-boost|p1b: Kingambit|atk|2\n|turn|1\n|inactive|LotharJ has 30 seconds left.\n|\n|t:|1682341173\n|-end|p2b: Flutter Mane|Protosynthesis|[silent]\n|switch|p2b: Amoonguss|Amoonguss, L50, F, shiny|100\/100\n|detailschange|p1a: Palafin|Palafin-Hero, L50, F\n|switch|p1a: Arcanine|Arcanine, L50, M|100\/100\n|-ability|p1a: Arcanine|Intimidate|boost\n|-unboost|p2a: Arcanine|atk|1\n|-unboost|p2b: Amoonguss|atk|1\n|move|p1b: Kingambit|Protect|p1b: Kingambit\n|-singleturn|p1b: Kingambit|Protect\n|move|p2a: Arcanine|Will-O-Wisp|p1b: Kingambit\n|-activate|p1b: Kingambit|move: Protect\n|\n|upkeep\n|turn|2\n|inactive|LotharJ has 30 seconds left.\n|inactive|LotharJ has 20 seconds left.\n|inactive|LotharJ has 15 seconds left.\n|inactive|LotharJ has 10 seconds left.\n|inactive|Cellotest3 has 30 seconds left.\n|\n|t:|1682341222\n|switch|p1b: Amoonguss|Amoonguss, L50, M|100\/100\n|switch|p2b: Baxcalibur|Baxcalibur, L50, F|100\/100\n|move|p1a: Arcanine|Flare Blitz|p2b: Baxcalibur\n|-damage|p2b: Baxcalibur|61\/100\n|-ability|p2b: Baxcalibur|Thermal Exchange|boost\n|-boost|p2b: Baxcalibur|atk|1\n|-damage|p1a: Arcanine|87\/100|[from] Recoil\n|move|p2a: Arcanine|Will-O-Wisp|p1b: Amoonguss\n|-status|p1b: Amoonguss|brn\n|\n|-damage|p1b: Amoonguss|95\/100 brn|[from] brn\n|upkeep\n|turn|3\n|inactive|LotharJ has 30 seconds left.\n|\n|t:|1682341251\n|switch|p1a: Kingambit|Kingambit, L50, F|100\/100\n|switch|p2a: Amoonguss|Amoonguss, L50, F, shiny|100\/100\n|move|p1b: Amoonguss|Protect|p1b: Amoonguss\n|-singleturn|p1b: Amoonguss|Protect\n|move|p2b: Baxcalibur|Icicle Crash|p1b: Amoonguss\n|-activate|p1b: Amoonguss|move: Protect\n|\n|-damage|p1b: Amoonguss|89\/100 brn|[from] brn\n|upkeep\n|turn|4\n|inactive|LotharJ has 30 seconds left.\n|\n|t:|1682341278\n|switch|p1a: Arcanine|Arcanine, L50, M|87\/100\n|-ability|p1a: Arcanine|Intimidate|boost\n|-unboost|p2a: Amoonguss|atk|1\n|-fail|p2b: Baxcalibur|unboost|[from] item: Clear Amulet|[of] p2b: Baxcalibur\n|-terastallize|p1b: Amoonguss|Steel\n|move|p2b: Baxcalibur|Icicle Crash|p1b: Amoonguss\n|-resisted|p1b: Amoonguss\n|-damage|p1b: Amoonguss|55\/100 brn\n|move|p2a: Amoonguss|Pollen Puff|p2b: Baxcalibur\n|-heal|p2b: Baxcalibur|100\/100\n|move|p1b: Amoonguss|Spore|p2b: Baxcalibur\n|-status|p2b: Baxcalibur|slp|[from] move: Spore\n|\n|-damage|p1b: Amoonguss|49\/100 brn|[from] brn\n|upkeep\n|turn|5\n|inactive|LotharJ has 30 seconds left.\n|inactive|Cellotest3 has 30 seconds left.\n|inactive|LotharJ has 20 seconds left.\n|inactive|LotharJ has 15 seconds left.\n|\n|t:|1682341319\n|switch|p1b: Kingambit|Kingambit, L50, F|100\/100\n|switch|p2a: Arcanine|Arcanine, L50, F|100\/100\n|-ability|p2a: Arcanine|Intimidate|boost\n|-unboost|p1a: Arcanine|atk|1\n|-unboost|p1b: Kingambit|atk|1\n|-ability|p1b: Kingambit|Defiant|boost\n|-boost|p1b: Kingambit|atk|2\n|move|p1a: Arcanine|Flare Blitz|p2a: Arcanine\n|-resisted|p2a: Arcanine\n|-damage|p2a: Arcanine|84\/100\n|-damage|p1a: Arcanine|81\/100|[from] Recoil\n|cant|p2b: Baxcalibur|slp\n|\n|upkeep\n|turn|6\n|inactive|Cellotest3 has 30 seconds left.\n|\n|t:|1682341349\n|switch|p1a: Amoonguss|Amoonguss, L50, M, tera:Steel|82\/100 brn\n|switch|p2b: Amoonguss|Amoonguss, L50, F, shiny|100\/100\n|move|p1b: Kingambit|Protect|p1b: Kingambit\n|-singleturn|p1b: Kingambit|Protect\n|move|p2a: Arcanine|Will-O-Wisp|p1b: Kingambit\n|-activate|p1b: Kingambit|move: Protect\n|\n|-damage|p1a: Amoonguss|77\/100 brn|[from] brn\n|upkeep\n|turn|7\n|inactive|LotharJ has 30 seconds left.\n|inactive|LotharJ has 20 seconds left.\n|\n|t:|1682341386\n|switch|p1b: Arcanine|Arcanine, L50, M|81\/100\n|-ability|p1b: Arcanine|Intimidate|boost\n|-unboost|p2a: Arcanine|atk|1\n|-unboost|p2b: Amoonguss|atk|1\n|move|p2a: Arcanine|Flare Blitz|p1a: Amoonguss\n|-supereffective|p1a: Amoonguss\n|-damage|p1a: Amoonguss|16\/100 brn\n|-damage|p2a: Arcanine|68\/100|[from] item: Rocky Helmet|[of] p1a: Amoonguss\n|-damage|p2a: Arcanine|45\/100|[from] Recoil\n|move|p2b: Amoonguss|Pollen Puff|p2a: Arcanine\n|-heal|p2a: Arcanine|95\/100\n|move|p1a: Amoonguss|Spore|p2a: Arcanine\n|-activate|p2a: Arcanine|item: Safety Goggles|Spore\n|\n|-damage|p1a: Amoonguss|10\/100 brn|[from] brn\n|upkeep\n|turn|8\n|inactive|LotharJ has 30 seconds left.\n|inactive|LotharJ has 20 seconds left.\n|inactive|LotharJ has 15 seconds left.\n|inactive|LotharJ has 10 seconds left.\n|\n|t:|1682341433\n|switch|p1b: Palafin|Palafin-Hero, L50, F|100\/100\n|-activate|p1b: Palafin|ability: Zero to Hero\n|move|p2b: Amoonguss|Protect|p2b: Amoonguss\n|-singleturn|p2b: Amoonguss|Protect\n|move|p2a: Arcanine|Will-O-Wisp|p1a: Amoonguss\n|-fail|p1a: Amoonguss|brn\n|move|p1a: Amoonguss|Spore|p2b: Amoonguss\n|-activate|p2b: Amoonguss|move: Protect\n|\n|-damage|p1a: Amoonguss|4\/100 brn|[from] brn\n|upkeep\n|turn|9\n|\n|t:|1682341455\n|switch|p2a: Baxcalibur|Baxcalibur, L50, F|100\/100 slp\n|switch|p1a: Arcanine|Arcanine, L50, M|81\/100\n|-ability|p1a: Arcanine|Intimidate|boost\n|-fail|p2a: Baxcalibur|unboost|[from] item: Clear Amulet|[of] p2a: Baxcalibur\n|-unboost|p2b: Amoonguss|atk|1\n|move|p1b: Palafin|Protect|p1b: Palafin\n|-singleturn|p1b: Palafin|Protect\n|move|p2b: Amoonguss|Spore|p1b: Palafin\n|-activate|p1b: Palafin|move: Protect\n|\n|upkeep\n|turn|10\n|c|\u2606Cellotest3|balance mirrors are always fun lol\n|inactive|LotharJ has 30 seconds left.\n|inactive|Cellotest3 has 30 seconds left.\n|\n|t:|1682341483\n|switch|p2b: Arcanine|Arcanine, L50, F|95\/100\n|-ability|p2b: Arcanine|Intimidate|boost\n|-unboost|p1a: Arcanine|atk|1\n|-unboost|p1b: Palafin|atk|1\n|move|p1a: Arcanine|Flare Blitz|p2b: Arcanine\n|-resisted|p2b: Arcanine\n|-damage|p2b: Arcanine|79\/100\n|-damage|p1a: Arcanine|76\/100|[from] Recoil\n|move|p1b: Palafin|Wave Crash|p2b: Arcanine\n|-supereffective|p2b: Arcanine\n|-damage|p2b: Arcanine|0 fnt\n|faint|p2b: Arcanine\n|-damage|p1b: Palafin|76\/100|[from] Recoil\n|cant|p2a: Baxcalibur|slp\n|\n|upkeep\n|c|\u2606Cellotest3|until someone makes a read\n|\n|t:|1682341508\n|switch|p2b: Amoonguss|Amoonguss, L50, F, shiny|100\/100\n|turn|11\n|\n|t:|1682341527\n|switch|p1b: Amoonguss|Amoonguss, L50, M, tera:Steel|37\/100 brn\n|move|p2b: Amoonguss|Protect|p2b: Amoonguss\n|-singleturn|p2b: Amoonguss|Protect\n|move|p1a: Arcanine|Flare Blitz|p2b: Amoonguss\n|-activate|p2b: Amoonguss|move: Protect\n|cant|p2a: Baxcalibur|slp\n|\n|-damage|p1b: Amoonguss|31\/100 brn|[from] brn\n|upkeep\n|turn|12\n|inactive|Cellotest3 has 30 seconds left.\n|\n|t:|1682341560\n|switch|p1b: Palafin|Palafin-Hero, L50, F|76\/100\n|-terastallize|p2b: Amoonguss|Water\n|move|p1a: Arcanine|Flare Blitz|p2b: Amoonguss\n|-resisted|p2b: Amoonguss\n|-damage|p2b: Amoonguss|90\/100\n|-damage|p1a: Arcanine|72\/100|[from] Recoil\n|-curestatus|p2a: Baxcalibur|slp|[msg]\n|move|p2a: Baxcalibur|Glaive Rush|p1b: Palafin\n|-damage|p1b: Palafin|12\/100\n|-singlemove|p2a: Baxcalibur|Glaive Rush|[silent]\n|move|p2b: Amoonguss|Pollen Puff|p1b: Palafin\n|-crit|p1b: Palafin\n|-damage|p1b: Palafin|0 fnt\n|faint|p1b: Palafin\n|\n|upkeep\n|inactive|LotharJ has 30 seconds left.\n|\n|t:|1682341585\n|switch|p1b: Amoonguss|Amoonguss, L50, M, tera:Steel|64\/100 brn\n|turn|13\n|\n|t:|1682341598\n|switch|p1a: Kingambit|Kingambit, L50, F|100\/100\n|move|p2a: Baxcalibur|Protect|p2a: Baxcalibur\n|-singleturn|p2a: Baxcalibur|Protect\n|move|p2b: Amoonguss|Protect|p2b: Amoonguss\n|-singleturn|p2b: Amoonguss|Protect\n|move|p1b: Amoonguss|Spore|p2b: Amoonguss\n|-activate|p2b: Amoonguss|move: Protect\n|\n|-damage|p1b: Amoonguss|58\/100 brn|[from] brn\n|upkeep\n|turn|14\n|inactive|LotharJ has 30 seconds left.\n|inactive|LotharJ has 20 seconds left.\n|\n|t:|1682341629\n|switch|p2a: Flutter Mane|Flutter Mane, L50|100\/100\n|move|p1a: Kingambit|Kowtow Cleave|p2b: Amoonguss\n|-damage|p2b: Amoonguss|43\/100\n|-enditem|p2b: Amoonguss|Sitrus Berry|[eat]\n|-heal|p2b: Amoonguss|68\/100|[from] item: Sitrus Berry\n|move|p2b: Amoonguss|Spore|p1a: Kingambit\n|-status|p1a: Kingambit|slp|[from] move: Spore\n|move|p1b: Amoonguss|Spore|p2b: Amoonguss\n|-status|p2b: Amoonguss|slp|[from] move: Spore\n|\n|-damage|p1b: Amoonguss|53\/100 brn|[from] brn\n|upkeep\n|turn|15\n|inactive|LotharJ has 20 seconds left this turn.\n|inactive|LotharJ has 15 seconds left.\n|inactive|LotharJ has 10 seconds left.\n|inactive|LotharJ has 5 seconds left.\n|-message|LotharJ lost due to inactivity.\n|\n|win|Cellotest3\n|raw|LotharJ's rating: 1239 → 1221<\/strong> (-18 for losing)\n|raw|Cellotest3's rating: 1345 → 1359<\/strong> (+14 for winning)\n","uploadtime":1682341669,"views":38,"p1id":"lotharj","p2id":"cellotest3","formatid":"gen9vgc2023regulationc","rating":1221,"private":0,"password":""}