{"id":"gen9vgc2023regulationc-1861752708","p1":"revocolombia","p2":"Phloorgle","format":"[Gen 9] VGC 2023 Regulation C","log":"|j|\u2606revocolombia\n|j|\u2606Phloorgle\n|t:|1683804532\n|gametype|doubles\n|player|p1|revocolombia|pokemonranger-gen4|1379\n|player|p2|Phloorgle|hilda-masters3|1260\n|teamsize|p1|6\n|teamsize|p2|6\n|gen|9\n|tier|[Gen 9] VGC 2023 Regulation C\n|rated|\n|rule|Species Clause: Limit one of each Pok\u00e9mon\n|rule|Item Clause: Limit one of each item\n|clearpoke\n|poke|p1|Flutter Mane, L50|\n|poke|p1|Great Tusk, L50|\n|poke|p1|Gholdengo, L50|\n|poke|p1|Chien-Pao, L50|\n|poke|p1|Murkrow, L50, M|\n|poke|p1|Baxcalibur, L50, M|\n|poke|p2|Maushold, L50|\n|poke|p2|Annihilape, L50, M|\n|poke|p2|Mudsdale, L50, F|\n|poke|p2|Ting-Lu, L50|\n|poke|p2|Arcanine, L50, F|\n|poke|p2|Amoonguss, L50, M|\n|teampreview|4\n|inactive|Battle timer is ON: inactive players will automatically lose when time's up. (requested by Phloorgle)\n|\n|t:|1683804554\n|start\n|switch|p1a: Great Tusk|Great Tusk, L50|100\/100\n|switch|p1b: Murkrow|Murkrow, L50, M|100\/100\n|switch|p2a: Maushold|Maushold, L50|100\/100\n|switch|p2b: Mudsdale|Mudsdale, L50, F|100\/100\n|turn|1\n|\n|t:|1683804572\n|move|p1b: Murkrow|Sunny Day|p1b: Murkrow\n|-weather|SunnyDay\n|-activate|p1a: Great Tusk|ability: Protosynthesis\n|-start|p1a: Great Tusk|protosynthesisatk\n|move|p2a: Maushold|Beat Up|p2b: Mudsdale\n|-damage|p2b: Mudsdale|99\/100\n|-ability|p2b: Mudsdale|Stamina|boost\n|-boost|p2b: Mudsdale|def|1\n|-damage|p2b: Mudsdale|98\/100\n|-ability|p2b: Mudsdale|Stamina|boost\n|-boost|p2b: Mudsdale|def|1\n|-damage|p2b: Mudsdale|97\/100\n|-ability|p2b: Mudsdale|Stamina|boost\n|-boost|p2b: Mudsdale|def|1\n|-damage|p2b: Mudsdale|96\/100\n|-ability|p2b: Mudsdale|Stamina|boost\n|-boost|p2b: Mudsdale|def|1\n|-hitcount|p2b: Mudsdale|4\n|move|p1a: Great Tusk|Brick Break|p2a: Maushold\n|-supereffective|p2a: Maushold\n|-damage|p2a: Maushold|0 fnt\n|faint|p2a: Maushold\n|move|p2b: Mudsdale|Body Press|p1b: Murkrow\n|-damage|p1b: Murkrow|44\/100\n|\n|-weather|SunnyDay|[upkeep]\n|upkeep\n|\n|t:|1683804581\n|switch|p2a: Arcanine|Arcanine, L50, F|100\/100\n|-ability|p2a: Arcanine|Intimidate|boost\n|-fail|p1a: Great Tusk|unboost|[from] item: Clear Amulet|[of] p1a: Great Tusk\n|-unboost|p1b: Murkrow|atk|1\n|turn|2\n|inactive|revocolombia has 30 seconds left.\n|\n|t:|1683804611\n|-terastallize|p2a: Arcanine|Grass\n|move|p1b: Murkrow|Haze|p1b: Murkrow\n|-clearallboost\n|move|p2a: Arcanine|Will-O-Wisp|p1a: Great Tusk\n|-status|p1a: Great Tusk|brn\n|move|p1a: Great Tusk|Earthquake|p2b: Mudsdale|[spread] p2a,p2b\n|-immune|p1b: Murkrow\n|-resisted|p2a: Arcanine\n|-damage|p2a: Arcanine|86\/100\n|-damage|p2b: Mudsdale|73\/100\n|-ability|p2b: Mudsdale|Stamina|boost\n|-boost|p2b: Mudsdale|def|1\n|move|p2b: Mudsdale|Body Press|p1b: Murkrow\n|-damage|p1b: Murkrow|15\/100\n|\n|-weather|SunnyDay|[upkeep]\n|-damage|p1a: Great Tusk|94\/100 brn|[from] brn\n|upkeep\n|turn|3\n|inactive|revocolombia has 30 seconds left.\n|inactive|revocolombia has 20 seconds left.\n|\n|t:|1683804647\n|move|p2a: Arcanine|Extreme Speed|p1b: Murkrow\n|-damage|p1b: Murkrow|0 fnt\n|faint|p1b: Murkrow\n|move|p1a: Great Tusk|Earthquake|p2a: Arcanine|[spread] p2a,p2b\n|-resisted|p2a: Arcanine\n|-damage|p2a: Arcanine|72\/100\n|-damage|p2b: Mudsdale|58\/100\n|-ability|p2b: Mudsdale|Stamina|boost\n|-boost|p2b: Mudsdale|def|1\n|move|p2b: Mudsdale|Body Press|p1a: Great Tusk\n|-damage|p1a: Great Tusk|69\/100 brn\n|\n|-weather|SunnyDay|[upkeep]\n|-damage|p1a: Great Tusk|63\/100 brn|[from] brn\n|upkeep\n|\n|t:|1683804662\n|switch|p1b: Flutter Mane|Flutter Mane, L50|100\/100\n|-activate|p1b: Flutter Mane|ability: Protosynthesis\n|-start|p1b: Flutter Mane|protosynthesisspa\n|turn|4\n|\n|t:|1683804677\n|move|p1b: Flutter Mane|Shadow Ball|p2a: Arcanine\n|-damage|p2a: Arcanine|6\/100\n|-enditem|p2a: Arcanine|Figy Berry|[eat]\n|-heal|p2a: Arcanine|39\/100|[from] item: Figy Berry\n|move|p2a: Arcanine|Flare Blitz|p1b: Flutter Mane\n|-crit|p1b: Flutter Mane\n|-damage|p1b: Flutter Mane|0 fnt\n|faint|p1b: Flutter Mane\n|-end|p1b: Flutter Mane|Protosynthesis|[silent]\n|-damage|p2a: Arcanine|17\/100|[from] Recoil\n|move|p1a: Great Tusk|Brick Break|p2b: Mudsdale\n|-damage|p2b: Mudsdale|46\/100\n|-ability|p2b: Mudsdale|Stamina|boost\n|-boost|p2b: Mudsdale|def|1\n|move|p2b: Mudsdale|Heavy Slam|p1a: Great Tusk\n|-damage|p1a: Great Tusk|53\/100 brn\n|\n|-weather|SunnyDay|[upkeep]\n|-damage|p1a: Great Tusk|47\/100 brn|[from] brn\n|upkeep\n|\n|t:|1683804698\n|switch|p1b: Gholdengo|Gholdengo, L50|100\/100\n|turn|5\n|\n|t:|1683804714\n|-terastallize|p1b: Gholdengo|Water\n|move|p1b: Gholdengo|Shadow Ball|p2a: Arcanine\n|-damage|p2a: Arcanine|0 fnt\n|faint|p2a: Arcanine\n|move|p1a: Great Tusk|Brick Break|p2b: Mudsdale\n|-damage|p2b: Mudsdale|37\/100\n|-ability|p2b: Mudsdale|Stamina|boost\n|-boost|p2b: Mudsdale|def|1\n|move|p2b: Mudsdale|Body Press|p1a: Great Tusk\n|-damage|p1a: Great Tusk|13\/100 brn\n|\n|-weather|none\n|-end|p1a: Great Tusk|Protosynthesis\n|-damage|p1a: Great Tusk|7\/100 brn|[from] brn\n|upkeep\n|\n|t:|1683804719\n|switch|p2a: Annihilape|Annihilape, L50, M|100\/100\n|turn|6\n|\n|t:|1683804742\n|move|p2a: Annihilape|Drain Punch|p1b: Gholdengo\n|-damage|p1b: Gholdengo|67\/100\n|move|p1b: Gholdengo|Shadow Ball|p2a: Annihilape\n|-supereffective|p2a: Annihilape\n|-damage|p2a: Annihilape|0 fnt\n|faint|p2a: Annihilape\n|move|p1a: Great Tusk|Brick Break|p2b: Mudsdale\n|-damage|p2b: Mudsdale|30\/100\n|-ability|p2b: Mudsdale|Stamina|boost\n|-boost|p2b: Mudsdale|def|1\n|move|p2b: Mudsdale|Body Press|p1b: Gholdengo\n|-damage|p1b: Gholdengo|0 fnt\n|faint|p1b: Gholdengo\n|\n|-damage|p1a: Great Tusk|0 fnt|[from] brn\n|faint|p1a: Great Tusk\n|-end|p1a: Great Tusk|Protosynthesis|[silent]\n|\n|win|Phloorgle\n|upkeep\n|raw|revocolombia's rating: 1379 → 1352<\/strong> (-27 for losing)\n|raw|Phloorgle's rating: 1260 → 1293<\/strong> (+33 for winning)\n|c|\u2606Phloorgle|gg\n","uploadtime":1683804763,"views":15,"p1id":"revocolombia","p2id":"phloorgle","formatid":"gen9vgc2023regulationc","rating":1293,"private":0,"password":""}