{"id":"gen9vgc2023regulationc-1850402680","p1":"Rock x rock","p2":"Blumagination","format":"[Gen 9] VGC 2023 Regulation C","log":"|j|\u2606Rock x rock\n|j|\u2606Blumagination\n|t:|1682331570\n|gametype|doubles\n|player|p1|Rock x rock|265|1433\n|player|p2|Blumagination|clown|1320\n|teamsize|p1|6\n|teamsize|p2|6\n|gen|9\n|tier|[Gen 9] VGC 2023 Regulation C\n|rated|\n|rule|Species Clause: Limit one of each Pok\u00e9mon\n|rule|Item Clause: Limit one of each item\n|clearpoke\n|poke|p1|Lycanroc, L50, M|\n|poke|p1|Tyranitar, L50, M|\n|poke|p1|Garchomp, L50, M|\n|poke|p1|Gyarados, L50, F|\n|poke|p1|Flutter Mane, L50|\n|poke|p1|Tsareena, L50, F|\n|poke|p2|Iron Bundle, L50|\n|poke|p2|Flutter Mane, L50|\n|poke|p2|Garganacl, L50, F|\n|poke|p2|Arcanine, L50, F|\n|poke|p2|Amoonguss, L50, M|\n|poke|p2|Ting-Lu, L50|\n|teampreview|4\n|inactive|Battle timer is ON: inactive players will automatically lose when time's up. (requested by Blumagination)\n|inactive|Rock x rock has 60 seconds left.\n|\n|t:|1682331615\n|start\n|switch|p1a: Flutter Mane|Flutter Mane, L50|100\/100\n|switch|p1b: Gyarados|Gyarados, L50, F|100\/100\n|switch|p2a: Garganacl|Garganacl, L50, F|100\/100\n|switch|p2b: Iron Bundle|Iron Bundle, L50|100\/100\n|-ability|p1b: Gyarados|Intimidate|boost\n|-unboost|p2a: Garganacl|atk|1\n|-unboost|p2b: Iron Bundle|atk|1\n|-enditem|p2b: Iron Bundle|Booster Energy\n|-activate|p2b: Iron Bundle|ability: Quark Drive|[fromitem]\n|-start|p2b: Iron Bundle|quarkdrivespe\n|-enditem|p1a: Flutter Mane|Booster Energy\n|-activate|p1a: Flutter Mane|ability: Protosynthesis|[fromitem]\n|-start|p1a: Flutter Mane|protosynthesisspa\n|turn|1\n|\n|t:|1682331635\n|switch|p1b: Tyranitar|Tyranitar, L50, M|100\/100\n|-weather|Sandstorm|[from] ability: Sand Stream|[of] p1b: Tyranitar\n|-terastallize|p2a: Garganacl|Water\n|move|p2b: Iron Bundle|Protect|p2b: Iron Bundle\n|-singleturn|p2b: Iron Bundle|Protect\n|move|p1a: Flutter Mane|Moonblast|p2b: Iron Bundle\n|-activate|p2b: Iron Bundle|move: Protect\n|move|p2a: Garganacl|Salt Cure|p1a: Flutter Mane\n|-damage|p1a: Flutter Mane|83\/100\n|-start|p1a: Flutter Mane|Salt Cure\n|\n|-weather|Sandstorm|[upkeep]\n|-damage|p2b: Iron Bundle|94\/100|[from] Sandstorm\n|-damage|p1a: Flutter Mane|77\/100|[from] Sandstorm\n|-damage|p2a: Garganacl|95\/100|[from] Sandstorm\n|-heal|p2a: Garganacl|100\/100|[from] item: Leftovers\n|-damage|p1a: Flutter Mane|65\/100|[from] Salt Cure\n|upkeep\n|turn|2\n|inactive|Rock x rock has 30 seconds left.\n|inactive|Rock x rock has 20 seconds left.\n|\n|t:|1682331672\n|move|p2b: Iron Bundle|Hydro Pump|p1b: Tyranitar\n|-supereffective|p1b: Tyranitar\n|-damage|p1b: Tyranitar|43\/100\n|move|p1a: Flutter Mane|Moonblast|p2a: Garganacl\n|-damage|p2a: Garganacl|50\/100\n|move|p1b: Tyranitar|Rock Slide|p2b: Iron Bundle|[spread] p2a,p2b\n|-supereffective|p2b: Iron Bundle\n|-damage|p2a: Garganacl|32\/100\n|-damage|p2b: Iron Bundle|17\/100\n|move|p2a: Garganacl|Salt Cure|p1b: Tyranitar\n|-damage|p1b: Tyranitar|35\/100\n|-start|p1b: Tyranitar|Salt Cure\n|\n|-weather|Sandstorm|[upkeep]\n|-damage|p2b: Iron Bundle|11\/100|[from] Sandstorm\n|-damage|p1a: Flutter Mane|58\/100|[from] Sandstorm\n|-damage|p2a: Garganacl|26\/100|[from] Sandstorm\n|-heal|p2a: Garganacl|32\/100|[from] item: Leftovers\n|-damage|p1a: Flutter Mane|46\/100|[from] Salt Cure\n|-damage|p1b: Tyranitar|22\/100|[from] Salt Cure\n|upkeep\n|turn|3\n|inactive|Rock x rock has 30 seconds left.\n|inactive|Blumagination has 30 seconds left.\n|\n|t:|1682331704\n|move|p1a: Flutter Mane|Protect|p1a: Flutter Mane\n|-singleturn|p1a: Flutter Mane|Protect\n|move|p2b: Iron Bundle|Freeze-Dry|p1a: Flutter Mane\n|-activate|p1a: Flutter Mane|move: Protect\n|move|p1b: Tyranitar|Rock Slide|p2b: Iron Bundle|[spread] p2a,p2b\n|-supereffective|p2b: Iron Bundle\n|-damage|p2a: Garganacl|12\/100\n|-damage|p2b: Iron Bundle|0 fnt\n|faint|p2b: Iron Bundle\n|-end|p2b: Iron Bundle|Quark Drive|[silent]\n|move|p2a: Garganacl|Recover|p2a: Garganacl\n|-heal|p2a: Garganacl|62\/100\n|\n|-weather|Sandstorm|[upkeep]\n|-damage|p1a: Flutter Mane|40\/100|[from] Sandstorm\n|-damage|p2a: Garganacl|56\/100|[from] Sandstorm\n|-heal|p2a: Garganacl|62\/100|[from] item: Leftovers\n|-damage|p1a: Flutter Mane|27\/100|[from] Salt Cure\n|-damage|p1b: Tyranitar|10\/100|[from] Salt Cure\n|upkeep\n|\n|t:|1682331708\n|switch|p2b: Amoonguss|Amoonguss, L50, M|100\/100\n|turn|4\n|inactive|Rock x rock has 30 seconds left.\n|inactive|Blumagination has 30 seconds left.\n|inactive|Blumagination has 20 seconds left.\n|inactive|Blumagination has 15 seconds left.\n|inactive|Blumagination has 10 seconds left.\n|inactive|Blumagination has 5 seconds left.\n|\n|t:|1682331795\n|-end|p1a: Flutter Mane|Protosynthesis|[silent]\n|switch|p1a: Gyarados|Gyarados, L50, F|100\/100\n|-ability|p1a: Gyarados|Intimidate|boost\n|-unboost|p2a: Garganacl|atk|1\n|-unboost|p2b: Amoonguss|atk|1\n|move|p2a: Garganacl|Protect|p2a: Garganacl\n|-singleturn|p2a: Garganacl|Protect\n|move|p2b: Amoonguss|Protect|p2b: Amoonguss\n|-singleturn|p2b: Amoonguss|Protect\n|move|p1b: Tyranitar|Fire Punch|p2b: Amoonguss\n|-activate|p2b: Amoonguss|move: Protect\n|\n|-weather|Sandstorm|[upkeep]\n|-damage|p2a: Garganacl|56\/100|[from] Sandstorm\n|-damage|p2b: Amoonguss|95\/100|[from] Sandstorm\n|-heal|p2a: Garganacl|62\/100|[from] item: Leftovers\n|-damage|p1b: Tyranitar|0 fnt|[from] Salt Cure\n|faint|p1b: Tyranitar\n|upkeep\n|\n|t:|1682331809\n|switch|p1b: Lycanroc|Lycanroc, L50, M|100\/100\n|turn|5\n|\n|t:|1682331819\n|move|p1b: Lycanroc|Rock Slide|p2b: Amoonguss|[spread] p2a,p2b\n|-damage|p2a: Garganacl|45\/100\n|-damage|p2b: Amoonguss|70\/100\n|move|p1a: Gyarados|Taunt|p2b: Amoonguss\n|-start|p2b: Amoonguss|move: Taunt\n|cant|p2a: Garganacl|flinch\n|move|p2b: Amoonguss|Pollen Puff|p2a: Garganacl\n|-heal|p2a: Garganacl|95\/100\n|\n|-weather|none\n|-heal|p2a: Garganacl|100\/100|[from] item: Leftovers\n|upkeep\n|turn|6\n|\n|t:|1682331838\n|move|p1b: Lycanroc|Rock Slide|p2b: Amoonguss|[spread] p2a,p2b\n|-damage|p2a: Garganacl|83\/100\n|-damage|p2b: Amoonguss|48\/100\n|-enditem|p2b: Amoonguss|Sitrus Berry|[eat]\n|-heal|p2b: Amoonguss|72\/100|[from] item: Sitrus Berry\n|move|p1a: Gyarados|Thunder Wave|p2b: Amoonguss\n|-status|p2b: Amoonguss|par\n|move|p2a: Garganacl|Salt Cure|p1a: Gyarados\n|-supereffective|p1a: Gyarados\n|-damage|p1a: Gyarados|87\/100\n|-start|p1a: Gyarados|Salt Cure\n|cant|p2b: Amoonguss|flinch\n|\n|-heal|p2a: Garganacl|89\/100|[from] item: Leftovers\n|-damage|p1a: Gyarados|62\/100|[from] Salt Cure\n|upkeep\n|turn|7\n|\n|t:|1682331854\n|switch|p1a: Flutter Mane|Flutter Mane, L50|27\/100\n|move|p1b: Lycanroc|Rock Slide|p2b: Amoonguss|[spread] p2a,p2b\n|-damage|p2a: Garganacl|73\/100\n|-damage|p2b: Amoonguss|48\/100 par\n|move|p2a: Garganacl|Salt Cure|p1b: Lycanroc\n|-damage|p1b: Lycanroc|88\/100\n|-start|p1b: Lycanroc|Salt Cure\n|move|p2b: Amoonguss|Pollen Puff|p2a: Garganacl\n|-heal|p2a: Garganacl|100\/100\n|\n|-damage|p1b: Lycanroc|76\/100|[from] Salt Cure\n|-end|p2b: Amoonguss|move: Taunt\n|upkeep\n|turn|8\n|l|\u2606Blumagination\n|inactive|Blumagination disconnected and has a minute to reconnect!\n|player|p2|\n|j|\u2606Blumagination\n|inactive|Blumagination reconnected and has 40 seconds left.\n|player|p2|Blumagination|clown\n|inactive|Rock x rock has 30 seconds left.\n|\n|t:|1682331882\n|switch|p1b: Gyarados|Gyarados, L50, F|62\/100\n|-ability|p1b: Gyarados|Intimidate|boost\n|-unboost|p2a: Garganacl|atk|1\n|-unboost|p2b: Amoonguss|atk|1\n|move|p1a: Flutter Mane|Protect|p1a: Flutter Mane\n|-singleturn|p1a: Flutter Mane|Protect\n|move|p2b: Amoonguss|Rage Powder|p2b: Amoonguss\n|-singleturn|p2b: Amoonguss|move: Rage Powder\n|move|p2a: Garganacl|Salt Cure|p1a: Flutter Mane\n|-activate|p1a: Flutter Mane|move: Protect\n|\n|upkeep\n|turn|9\n|\n|t:|1682331905\n|-terastallize|p1a: Flutter Mane|Fairy\n|move|p2b: Amoonguss|Protect|p2b: Amoonguss\n|-singleturn|p2b: Amoonguss|Protect\n|move|p1a: Flutter Mane|Moonblast|p2a: Garganacl\n|-damage|p2a: Garganacl|47\/100\n|move|p1b: Gyarados|Waterfall|p2b: Amoonguss\n|-activate|p2b: Amoonguss|move: Protect\n|move|p2a: Garganacl|Salt Cure|p1a: Flutter Mane\n|-damage|p1a: Flutter Mane|14\/100\n|-start|p1a: Flutter Mane|Salt Cure\n|\n|-heal|p2a: Garganacl|53\/100|[from] item: Leftovers\n|-damage|p1a: Flutter Mane|2\/100|[from] Salt Cure\n|upkeep\n|turn|10\n|\n|t:|1682331927\n|-end|p1a: Flutter Mane|Protosynthesis|[silent]\n|switch|p1a: Lycanroc|Lycanroc, L50, M|76\/100\n|move|p1b: Gyarados|Taunt|p2a: Garganacl\n|-start|p2a: Garganacl|move: Taunt\n|move|p2a: Garganacl|Salt Cure|p1a: Lycanroc\n|-damage|p1a: Lycanroc|66\/100\n|-start|p1a: Lycanroc|Salt Cure\n|cant|p2b: Amoonguss|par\n|\n|-heal|p2a: Garganacl|59\/100|[from] item: Leftovers\n|-damage|p1a: Lycanroc|54\/100|[from] Salt Cure\n|upkeep\n|turn|11\n|\n|t:|1682331942\n|move|p1a: Lycanroc|Rock Slide|p2b: Amoonguss|[spread] p2a,p2b\n|-damage|p2a: Garganacl|43\/100\n|-damage|p2b: Amoonguss|23\/100 par\n|move|p1b: Gyarados|Waterfall|p2b: Amoonguss\n|-resisted|p2b: Amoonguss\n|-damage|p2b: Amoonguss|9\/100 par\n|move|p2a: Garganacl|Salt Cure|p1b: Gyarados\n|-supereffective|p1b: Gyarados\n|-damage|p1b: Gyarados|50\/100\n|-start|p1b: Gyarados|Salt Cure\n|cant|p2b: Amoonguss|flinch\n|\n|-heal|p2a: Garganacl|48\/100|[from] item: Leftovers\n|-damage|p1a: Lycanroc|42\/100|[from] Salt Cure\n|-damage|p1b: Gyarados|25\/100|[from] Salt Cure\n|upkeep\n|turn|12\n|\n|t:|1682331961\n|switch|p2a: Flutter Mane|Flutter Mane, L50|100\/100\n|move|p2b: Amoonguss|Protect|p2b: Amoonguss\n|-singleturn|p2b: Amoonguss|Protect\n|move|p1a: Lycanroc|Rock Slide|p2a: Flutter Mane|[spread] p2a\n|-activate|p2b: Amoonguss|move: Protect\n|-damage|p2a: Flutter Mane|51\/100\n|move|p1b: Gyarados|Waterfall|p2a: Flutter Mane\n|-damage|p2a: Flutter Mane|0 fnt\n|faint|p2a: Flutter Mane\n|-end|p2a: Flutter Mane|Protosynthesis|[silent]\n|\n|-damage|p1a: Lycanroc|30\/100|[from] Salt Cure\n|-damage|p1b: Gyarados|0 fnt|[from] Salt Cure\n|faint|p1b: Gyarados\n|upkeep\n|\n|t:|1682331975\n|switch|p2a: Garganacl|Garganacl, L50, F, tera:Water|48\/100\n|switch|p1b: Flutter Mane|Flutter Mane, L50, tera:Fairy|2\/100\n|turn|13\n|inactive|Rock x rock has 30 seconds left.\n|inactive|Blumagination has 30 seconds left.\n|inactive|Blumagination has 20 seconds left.\n|inactive|Rock x rock has 20 seconds left.\n|inactive|Rock x rock has 15 seconds left.\n|inactive|Rock x rock has 10 seconds left.\n|\n|t:|1682332029\n|move|p1b: Flutter Mane|Protect|p1b: Flutter Mane\n|-singleturn|p1b: Flutter Mane|Protect\n|move|p2a: Garganacl|Protect|p2a: Garganacl\n|-singleturn|p2a: Garganacl|Protect\n|cant|p2b: Amoonguss|par\n|move|p1a: Lycanroc|Rock Slide|p2b: Amoonguss|[spread] p2b\n|-activate|p2a: Garganacl|move: Protect\n|-damage|p2b: Amoonguss|0 fnt\n|faint|p2b: Amoonguss\n|\n|-heal|p2a: Garganacl|54\/100|[from] item: Leftovers\n|-damage|p1a: Lycanroc|18\/100|[from] Salt Cure\n|upkeep\n|turn|14\n|\n|t:|1682332042\n|move|p1b: Flutter Mane|Moonblast|p2a: Garganacl\n|-damage|p2a: Garganacl|1\/100\n|move|p1a: Lycanroc|Rock Slide|p2a: Garganacl\n|-damage|p2a: Garganacl|0 fnt\n|faint|p2a: Garganacl\n|\n|win|Rock x rock\n|raw|Rock x rock's rating: 1433 → 1447<\/strong> (+14 for winning)\n|raw|Blumagination's rating: 1320 → 1306<\/strong> (-14 for losing)\n","uploadtime":1682332052,"views":22,"p1id":"rockxrock","p2id":"blumagination","formatid":"gen9vgc2023regulationc","rating":1306,"private":0,"password":""}