{"id":"gen9vgc2023regulationc-1848718874","p1":"kpopdark","p2":"Skadoty","format":"[Gen 9] VGC 2023 Regulation C","log":"|j|\u2606kpopdark\n|j|\u2606Skadoty\n|t:|1682103669\n|gametype|doubles\n|player|p1|kpopdark|rocketgrunt|1164\n|player|p2|Skadoty|1|1168\n|teamsize|p1|6\n|teamsize|p2|6\n|gen|9\n|tier|[Gen 9] VGC 2023 Regulation C\n|rated|\n|rule|Species Clause: Limit one of each Pok\u00e9mon\n|rule|Item Clause: Limit one of each item\n|clearpoke\n|poke|p1|Chi-Yu, L50|\n|poke|p1|Flutter Mane, L50|\n|poke|p1|Farigiraf, L50, F|\n|poke|p1|Stonjourner, L50, M|\n|poke|p1|Arcanine, L50, M|\n|poke|p1|Iron Bundle, L50|\n|poke|p2|Wo-Chien, L50|\n|poke|p2|Dondozo, L50, M|\n|poke|p2|Tatsugiri, L50, F|\n|poke|p2|Glimmora, L50, M|\n|poke|p2|Great Tusk, L50|\n|poke|p2|Kingambit, L50, F|\n|teampreview|4\n|inactive|Battle timer is ON: inactive players will automatically lose when time's up. (requested by Skadoty)\n|\n|t:|1682103693\n|start\n|switch|p1a: Chi-Yu|Chi-Yu, L50|100\/100\n|switch|p1b: Flutter Mane|Flutter Mane, L50|100\/100\n|switch|p2a: Elephant|Great Tusk, L50|100\/100\n|switch|p2b: Rhino|Kingambit, L50, F|100\/100\n|-ability|p1a: Chi-Yu|Beads of Ruin\n|turn|1\n|\n|t:|1682103711\n|-terastallize|p1a: Chi-Yu|Grass\n|-terastallize|p2b: Rhino|Flying\n|move|p2b: Rhino|Sucker Punch|p1b: Flutter Mane\n|-damage|p1b: Flutter Mane|41\/100\n|move|p1b: Flutter Mane|Icy Wind|p2b: Rhino|[spread] p2a,p2b\n|-supereffective|p2a: Elephant\n|-supereffective|p2b: Rhino\n|-damage|p2a: Elephant|58\/100\n|-damage|p2b: Rhino|77\/100\n|-unboost|p2a: Elephant|spe|1\n|-unboost|p2b: Rhino|spe|1\n|-ability|p2b: Rhino|Defiant|boost\n|-boost|p2b: Rhino|atk|2\n|move|p1a: Chi-Yu|Tera Blast|p2a: Elephant\n|-supereffective|p2a: Elephant\n|-damage|p2a: Elephant|0 fnt\n|faint|p2a: Elephant\n|-end|p2a: Elephant|Protosynthesis|[silent]\n|\n|-heal|p1b: Flutter Mane|47\/100|[from] item: Leftovers\n|upkeep\n|\n|t:|1682103728\n|switch|p2a: Fish|Tatsugiri, L50, F|100\/100\n|turn|2\n|\n|t:|1682103743\n|move|p2a: Fish|Icy Wind|p1b: Flutter Mane|[spread] p1a,p1b\n|-supereffective|p1a: Chi-Yu\n|-damage|p1a: Chi-Yu|70\/100\n|-damage|p1b: Flutter Mane|30\/100\n|-unboost|p1a: Chi-Yu|spe|1\n|-unboost|p1b: Flutter Mane|spe|1\n|move|p1b: Flutter Mane|Fake Tears|p2b: Rhino\n|-unboost|p2b: Rhino|spd|2\n|-ability|p2b: Rhino|Defiant|boost\n|-boost|p2b: Rhino|atk|2\n|move|p1a: Chi-Yu|Dark Pulse|p2b: Rhino\n|-damage|p2b: Rhino|0 fnt\n|faint|p2b: Rhino\n|\n|-heal|p1b: Flutter Mane|36\/100|[from] item: Leftovers\n|upkeep\n|\n|t:|1682103756\n|switch|p2b: Whale|Dondozo, L50, M|100\/100\n|-activate|p2a: Fish|ability: Commander|[of] p2b: Whale\n|-boost|p2b: Whale|atk|2\n|-boost|p2b: Whale|spa|2\n|-boost|p2b: Whale|spe|2\n|-boost|p2b: Whale|def|2\n|-boost|p2b: Whale|spd|2\n|turn|3\n|\n|t:|1682103767\n|move|p1a: Chi-Yu|Protect|p1a: Chi-Yu\n|-singleturn|p1a: Chi-Yu|Protect\n|move|p1b: Flutter Mane|Fake Tears|p2b: Whale\n|-unboost|p2b: Whale|spd|2\n|move|p2b: Whale|Order Up|p1a: Chi-Yu\n|-activate|p1a: Chi-Yu|move: Protect\n|\n|-heal|p1b: Flutter Mane|41\/100|[from] item: Leftovers\n|upkeep\n|turn|4\n|\n|t:|1682103779\n|move|p1b: Flutter Mane|Fake Tears|p2b: Whale\n|-unboost|p2b: Whale|spd|2\n|move|p1a: Chi-Yu|Tera Blast|p2b: Whale\n|-supereffective|p2b: Whale\n|-damage|p2b: Whale|0 fnt\n|faint|p2b: Whale\n|\n|-heal|p1b: Flutter Mane|47\/100|[from] item: Leftovers\n|upkeep\n|turn|5\n|-message|Skadoty forfeited.\n|\n|win|kpopdark\n|raw|kpopdark's rating: 1164 → 1189<\/strong> (+25 for winning)\n|raw|Skadoty's rating: 1168 → 1143<\/strong> (-25 for losing)\n|l|\u2606Skadoty\n","uploadtime":1682103789,"views":16,"p1id":"kpopdark","p2id":"skadoty","formatid":"gen9vgc2023regulationc","rating":1143,"private":0,"password":""}