{"id":"gen9vgc2023regulationc-1849658212","p1":"Inferno prodigy","p2":"xingtian666","format":"[Gen 9] VGC 2023 Regulation C","log":"|j|\u2606Inferno prodigy\n|j|\u2606xingtian666\n|t:|1682227065\n|gametype|doubles\n|player|p1|Inferno prodigy|170|1502\n|player|p2|xingtian666|170|1606\n|teamsize|p1|6\n|teamsize|p2|6\n|gen|9\n|tier|[Gen 9] VGC 2023 Regulation C\n|rated|\n|rule|Species Clause: Limit one of each Pok\u00e9mon\n|rule|Item Clause: Limit one of each item\n|clearpoke\n|poke|p1|Roaring Moon, L50|\n|poke|p1|Flutter Mane, L50|\n|poke|p1|Ting-Lu, L50|\n|poke|p1|Amoonguss, L50, F|\n|poke|p1|Gyarados, L50, F|\n|poke|p1|Ceruledge, L50, F|\n|poke|p2|Dondozo, L50, F|\n|poke|p2|Ting-Lu, L50|\n|poke|p2|Garganacl, L50, M|\n|poke|p2|Glimmora, L50, F|\n|poke|p2|Flutter Mane, L50|\n|poke|p2|Florges, L50, F|\n|teampreview|4\n|inactive|Battle timer is ON: inactive players will automatically lose when time's up. (requested by xingtian666)\n|inactive|Inferno prodigy has 60 seconds left.\n|inactive|xingtian666 has 60 seconds left.\n|\n|t:|1682227099\n|start\n|switch|p1a: Roaring Moon|Roaring Moon, L50, shiny|100\/100\n|switch|p1b: Ting-Lu|Ting-Lu, L50|100\/100\n|switch|p2a: Glimmora|Glimmora, L50, F|100\/100\n|switch|p2b: Garganacl|Garganacl, L50, M, shiny|100\/100\n|-ability|p1b: Ting-Lu|Vessel of Ruin\n|-enditem|p1a: Roaring Moon|Booster Energy\n|-activate|p1a: Roaring Moon|ability: Protosynthesis|[fromitem]\n|-start|p1a: Roaring Moon|protosynthesisatk\n|turn|1\n|inactive|xingtian666 has 30 seconds left.\n|\n|t:|1682227130\n|-terastallize|p1a: Roaring Moon|Steel\n|move|p1a: Roaring Moon|Dragon Dance|p1a: Roaring Moon\n|-boost|p1a: Roaring Moon|atk|1\n|-boost|p1a: Roaring Moon|spe|1\n|move|p2a: Glimmora|Mortal Spin|p1a: Roaring Moon|[spread] p1b\n|-immune|p1a: Roaring Moon\n|-resisted|p1b: Ting-Lu\n|-damage|p1b: Ting-Lu|99\/100\n|-status|p1b: Ting-Lu|psn\n|move|p1b: Ting-Lu|Fissure|p2b: Garganacl\n|-damage|p2b: Garganacl|0 fnt\n|faint|p2b: Garganacl\n|-ohko\n|\n|-damage|p1b: Ting-Lu|87\/100 psn|[from] psn\n|upkeep\n|\n|t:|1682227148\n|switch|p2b: Dondozo|Dondozo, L50, F|100\/100\n|turn|2\n|\n|t:|1682227159\n|switch|p1b: Gyarados|Gyarados, L50, F|100\/100\n|-ability|p1b: Gyarados|Intimidate|boost\n|-unboost|p2a: Glimmora|atk|1\n|-unboost|p2b: Dondozo|atk|1\n|move|p1a: Roaring Moon|Breaking Swipe|p2a: Glimmora|[spread] p2a,p2b\n|-damage|p2a: Glimmora|61\/100\n|-damage|p2b: Dondozo|84\/100\n|-unboost|p2a: Glimmora|atk|1\n|-unboost|p2b: Dondozo|atk|1\n|move|p2a: Glimmora|Toxic|p1a: Roaring Moon\n|-status|p1a: Roaring Moon|tox\n|move|p2b: Dondozo|Fissure|p1b: Gyarados\n|-immune|p1b: Gyarados\n|\n|-heal|p2b: Dondozo|90\/100|[from] item: Leftovers\n|-damage|p1a: Roaring Moon|95\/100 tox|[from] psn\n|upkeep\n|turn|3\n|j| BlindMagneton\n|\n|t:|1682227183\n|move|p1a: Roaring Moon|Acrobatics|p2b: Dondozo\n|-damage|p2b: Dondozo|61\/100\n|move|p2a: Glimmora|Reflect|p2a: Glimmora\n|-sidestart|p2: xingtian666|Reflect\n|move|p1b: Gyarados|Thunder Wave|p2b: Dondozo\n|-status|p2b: Dondozo|par\n|move|p2b: Dondozo|Soak|p1b: Gyarados\n|-start|p1b: Gyarados|typechange|Water\n|\n|-heal|p2b: Dondozo|68\/100 par|[from] item: Leftovers\n|-damage|p1a: Roaring Moon|83\/100 tox|[from] psn\n|upkeep\n|turn|4\n|\n|t:|1682227201\n|move|p1a: Roaring Moon|Breaking Swipe|p2b: Dondozo|[spread] p2a,p2b\n|-damage|p2a: Glimmora|32\/100\n|-damage|p2b: Dondozo|56\/100 par\n|-unboost|p2a: Glimmora|atk|1\n|-unboost|p2b: Dondozo|atk|1\n|move|p2a: Glimmora|Toxic|p1b: Gyarados\n|-status|p1b: Gyarados|tox\n|-enditem|p1b: Gyarados|Lum Berry|[eat]\n|-curestatus|p1b: Gyarados|tox|[msg]\n|move|p1b: Gyarados|Waterfall|p2a: Glimmora\n|-supereffective|p2a: Glimmora\n|-damage|p2a: Glimmora|0 fnt\n|faint|p2a: Glimmora\n|move|p2b: Dondozo|Fissure|p1b: Gyarados|[miss]\n|-miss|p2b: Dondozo|p1b: Gyarados\n|\n|-heal|p2b: Dondozo|62\/100 par|[from] item: Leftovers\n|-damage|p1a: Roaring Moon|66\/100 tox|[from] psn\n|upkeep\n|\n|t:|1682227214\n|switch|p2a: Ting-Lu|Ting-Lu, L50|100\/100\n|-ability|p2a: Ting-Lu|Vessel of Ruin\n|turn|5\n|\n|t:|1682227223\n|switch|p1b: Ting-Lu|Ting-Lu, L50|87\/100 psn\n|-ability|p1b: Ting-Lu|Vessel of Ruin\n|-terastallize|p2a: Ting-Lu|Poison\n|move|p2b: Dondozo|Protect|p2b: Dondozo\n|-singleturn|p2b: Dondozo|Protect\n|move|p1a: Roaring Moon|Breaking Swipe|p2a: Ting-Lu|[spread] p2a\n|-activate|p2b: Dondozo|move: Protect\n|-damage|p2a: Ting-Lu|85\/100\n|-unboost|p2a: Ting-Lu|atk|1\n|move|p2a: Ting-Lu|Fissure|p1b: Ting-Lu\n|-damage|p1b: Ting-Lu|0 fnt\n|faint|p1b: Ting-Lu\n|-ohko\n|\n|-heal|p2b: Dondozo|68\/100 par|[from] item: Leftovers\n|-damage|p1a: Roaring Moon|43\/100 tox|[from] psn\n|upkeep\n|\n|t:|1682227237\n|switch|p1b: Gyarados|Gyarados, L50, F|100\/100\n|-ability|p1b: Gyarados|Intimidate|boost\n|-unboost|p2a: Ting-Lu|atk|1\n|-unboost|p2b: Dondozo|atk|1\n|turn|6\n|\n|t:|1682227257\n|move|p1a: Roaring Moon|Acrobatics|p2b: Dondozo\n|-damage|p2b: Dondozo|49\/100 par\n|move|p1b: Gyarados|Thunder Wave|p2a: Ting-Lu\n|-status|p2a: Ting-Lu|par\n|move|p2a: Ting-Lu|Body Press|p1a: Roaring Moon\n|-supereffective|p1a: Roaring Moon\n|-damage|p1a: Roaring Moon|0 fnt\n|faint|p1a: Roaring Moon\n|-end|p1a: Roaring Moon|Protosynthesis|[silent]\n|move|p2b: Dondozo|Soak|p1b: Gyarados\n|-start|p1b: Gyarados|typechange|Water\n|\n|-heal|p2b: Dondozo|55\/100 par|[from] item: Leftovers\n|upkeep\n|\n|t:|1682227270\n|switch|p1a: Ceruledge|Ceruledge, L50, F|100\/100\n|turn|7\n|\n|t:|1682227282\n|move|p1a: Ceruledge|Bulk Up|p1a: Ceruledge\n|-boost|p1a: Ceruledge|atk|1\n|-boost|p1a: Ceruledge|def|1\n|move|p1b: Gyarados|Iron Head|p2a: Ting-Lu\n|-damage|p2a: Ting-Lu|77\/100 par\n|cant|p2a: Ting-Lu|par\n|cant|p2b: Dondozo|par\n|\n|-heal|p2b: Dondozo|61\/100 par|[from] item: Leftovers\n|-sideend|p2: xingtian666|Reflect\n|upkeep\n|turn|8\n|\n|t:|1682227295\n|move|p1a: Ceruledge|Bitter Blade|p2a: Ting-Lu\n|-damage|p2a: Ting-Lu|45\/100 par\n|move|p1b: Gyarados|Waterfall|p2a: Ting-Lu\n|-damage|p2a: Ting-Lu|26\/100 par\n|cant|p2a: Ting-Lu|par\n|move|p2b: Dondozo|Fissure|p1a: Ceruledge|[miss]\n|-miss|p2b: Dondozo|p1a: Ceruledge\n|\n|-heal|p2b: Dondozo|67\/100 par|[from] item: Leftovers\n|upkeep\n|turn|9\n|\n|t:|1682227310\n|move|p1a: Ceruledge|Bitter Blade|p2a: Ting-Lu\n|-damage|p2a: Ting-Lu|0 fnt\n|faint|p2a: Ting-Lu\n|move|p1b: Gyarados|Waterfall|p2b: Dondozo\n|-resisted|p2b: Dondozo\n|-damage|p2b: Dondozo|58\/100 par\n|move|p2b: Dondozo|Fissure|p1a: Ceruledge|[miss]\n|-miss|p2b: Dondozo|p1a: Ceruledge\n|\n|-heal|p2b: Dondozo|64\/100 par|[from] item: Leftovers\n|upkeep\n|turn|10\n|\n|t:|1682227329\n|move|p1a: Ceruledge|Shadow Sneak|p2b: Dondozo\n|-damage|p2b: Dondozo|52\/100 par\n|move|p1b: Gyarados|Waterfall|p2b: Dondozo\n|-resisted|p2b: Dondozo\n|-damage|p2b: Dondozo|44\/100 par\n|cant|p2b: Dondozo|par\n|\n|-heal|p2b: Dondozo|50\/100 par|[from] item: Leftovers\n|upkeep\n|turn|11\n|\n|t:|1682227340\n|move|p1a: Ceruledge|Shadow Sneak|p2b: Dondozo\n|-damage|p2b: Dondozo|40\/100 par\n|move|p1b: Gyarados|Waterfall|p2b: Dondozo\n|-resisted|p2b: Dondozo\n|-damage|p2b: Dondozo|31\/100 par\n|move|p2b: Dondozo|Fissure|p1a: Ceruledge\n|-damage|p1a: Ceruledge|0 fnt\n|faint|p1a: Ceruledge\n|-ohko\n|\n|-heal|p2b: Dondozo|37\/100 par|[from] item: Leftovers\n|upkeep\n|turn|12\n|\n|t:|1682227353\n|move|p1b: Gyarados|Waterfall|p2b: Dondozo\n|-resisted|p2b: Dondozo\n|-damage|p2b: Dondozo|27\/100 par\n|cant|p2b: Dondozo|flinch\n|\n|-heal|p2b: Dondozo|33\/100 par|[from] item: Leftovers\n|upkeep\n|turn|13\n|\n|t:|1682227361\n|move|p1b: Gyarados|Waterfall|p2b: Dondozo\n|-resisted|p2b: Dondozo\n|-damage|p2b: Dondozo|25\/100 par\n|cant|p2b: Dondozo|par\n|\n|-heal|p2b: Dondozo|31\/100 par|[from] item: Leftovers\n|upkeep\n|turn|14\n|\n|t:|1682227367\n|move|p1b: Gyarados|Waterfall|p2b: Dondozo\n|-resisted|p2b: Dondozo\n|-damage|p2b: Dondozo|22\/100 par\n|cant|p2b: Dondozo|par\n|\n|-heal|p2b: Dondozo|28\/100 par|[from] item: Leftovers\n|upkeep\n|turn|15\n|\n|t:|1682227372\n|move|p1b: Gyarados|Waterfall|p2b: Dondozo\n|-resisted|p2b: Dondozo\n|-damage|p2b: Dondozo|20\/100 par\n|move|p2b: Dondozo|Fissure|p1b: Gyarados|[miss]\n|-miss|p2b: Dondozo|p1b: Gyarados\n|\n|-heal|p2b: Dondozo|26\/100 par|[from] item: Leftovers\n|upkeep\n|turn|16\n|\n|t:|1682227381\n|move|p1b: Gyarados|Waterfall|p2b: Dondozo\n|-resisted|p2b: Dondozo\n|-damage|p2b: Dondozo|17\/100 par\n|move|p2b: Dondozo|Fissure|p1b: Gyarados|[miss]\n|-miss|p2b: Dondozo|p1b: Gyarados\n|\n|-heal|p2b: Dondozo|23\/100 par|[from] item: Leftovers\n|upkeep\n|turn|17\n|\n|t:|1682227387\n|move|p1b: Gyarados|Waterfall|p2b: Dondozo\n|-resisted|p2b: Dondozo\n|-damage|p2b: Dondozo|14\/100 par\n|move|p2b: Dondozo|Fissure|p1b: Gyarados|[miss]\n|-miss|p2b: Dondozo|p1b: Gyarados\n|\n|-heal|p2b: Dondozo|20\/100 par|[from] item: Leftovers\n|upkeep\n|turn|18\n|\n|t:|1682227398\n|cant|p2b: Dondozo|par\n|move|p1b: Gyarados|Waterfall|p2b: Dondozo\n|-resisted|p2b: Dondozo\n|-damage|p2b: Dondozo|10\/100 par\n|\n|-heal|p2b: Dondozo|17\/100 par|[from] item: Leftovers\n|upkeep\n|turn|19\n|\n|t:|1682227406\n|move|p2b: Dondozo|Protect|p2b: Dondozo\n|-singleturn|p2b: Dondozo|Protect\n|move|p1b: Gyarados|Waterfall|p2b: Dondozo\n|-activate|p2b: Dondozo|move: Protect\n|\n|-heal|p2b: Dondozo|23\/100 par|[from] item: Leftovers\n|upkeep\n|turn|20\n|\n|t:|1682227414\n|move|p2b: Dondozo|Protect||[still]\n|-fail|p2b: Dondozo\n|move|p1b: Gyarados|Waterfall|p2b: Dondozo\n|-resisted|p2b: Dondozo\n|-damage|p2b: Dondozo|14\/100 par\n|\n|-heal|p2b: Dondozo|20\/100 par|[from] item: Leftovers\n|upkeep\n|turn|21\n|\n|t:|1682227423\n|cant|p2b: Dondozo|par\n|move|p1b: Gyarados|Waterfall|p2b: Dondozo\n|-resisted|p2b: Dondozo\n|-damage|p2b: Dondozo|12\/100 par\n|\n|-heal|p2b: Dondozo|18\/100 par|[from] item: Leftovers\n|upkeep\n|turn|22\n|\n|t:|1682227431\n|move|p2b: Dondozo|Protect|p2b: Dondozo\n|-singleturn|p2b: Dondozo|Protect\n|move|p1b: Gyarados|Taunt|p2b: Dondozo\n|-activate|p2b: Dondozo|move: Protect\n|\n|-heal|p2b: Dondozo|24\/100 par|[from] item: Leftovers\n|upkeep\n|turn|23\n|\n|t:|1682227443\n|move|p1b: Gyarados|Taunt|p2b: Dondozo\n|-start|p2b: Dondozo|move: Taunt\n|cant|p2b: Dondozo|move: Taunt|Soak\n|\n|-heal|p2b: Dondozo|30\/100 par|[from] item: Leftovers\n|upkeep\n|turn|24\n|\n|t:|1682227448\n|move|p1b: Gyarados|Waterfall|p2b: Dondozo\n|-resisted|p2b: Dondozo\n|-damage|p2b: Dondozo|21\/100 par\n|cant|p2b: Dondozo|par\n|\n|-heal|p2b: Dondozo|27\/100 par|[from] item: Leftovers\n|upkeep\n|turn|25\n|\n|t:|1682227457\n|move|p1b: Gyarados|Waterfall|p2b: Dondozo\n|-resisted|p2b: Dondozo\n|-damage|p2b: Dondozo|19\/100 par\n|move|p2b: Dondozo|Wave Crash|p1b: Gyarados\n|-resisted|p1b: Gyarados\n|-damage|p1b: Gyarados|95\/100\n|-damage|p2b: Dondozo|17\/100 par|[from] Recoil\n|\n|-heal|p2b: Dondozo|23\/100 par|[from] item: Leftovers\n|-end|p2b: Dondozo|move: Taunt\n|upkeep\n|turn|26\n|\n|t:|1682227469\n|move|p2b: Dondozo|Protect|p2b: Dondozo\n|-singleturn|p2b: Dondozo|Protect\n|move|p1b: Gyarados|Taunt|p2b: Dondozo\n|-activate|p2b: Dondozo|move: Protect\n|\n|-heal|p2b: Dondozo|29\/100 par|[from] item: Leftovers\n|upkeep\n|turn|27\n|\n|t:|1682227479\n|move|p1b: Gyarados|Taunt|p2b: Dondozo\n|-start|p2b: Dondozo|move: Taunt\n|cant|p2b: Dondozo|move: Taunt|Soak\n|\n|-heal|p2b: Dondozo|35\/100 par|[from] item: Leftovers\n|upkeep\n|turn|28\n|c|\u2606Inferno prodigy|Look can you let me win this\n|\n|t:|1682227487\n|move|p1b: Gyarados|Iron Head|p2b: Dondozo\n|-resisted|p2b: Dondozo\n|-damage|p2b: Dondozo|29\/100 par\n|cant|p2b: Dondozo|flinch\n|\n|-heal|p2b: Dondozo|35\/100 par|[from] item: Leftovers\n|upkeep\n|turn|29\n|\n|t:|1682227497\n|move|p1b: Gyarados|Waterfall|p2b: Dondozo\n|-resisted|p2b: Dondozo\n|-damage|p2b: Dondozo|27\/100 par\n|move|p2b: Dondozo|Wave Crash|p1b: Gyarados\n|-resisted|p1b: Gyarados\n|-damage|p1b: Gyarados|90\/100\n|-damage|p2b: Dondozo|25\/100 par|[from] Recoil\n|\n|-heal|p2b: Dondozo|31\/100 par|[from] item: Leftovers\n|-end|p2b: Dondozo|move: Taunt\n|upkeep\n|turn|30\n|\n|t:|1682227508\n|move|p2b: Dondozo|Protect|p2b: Dondozo\n|-singleturn|p2b: Dondozo|Protect\n|move|p1b: Gyarados|Waterfall|p2b: Dondozo\n|-activate|p2b: Dondozo|move: Protect\n|\n|-heal|p2b: Dondozo|38\/100 par|[from] item: Leftovers\n|upkeep\n|turn|31\n|c|\u2606Inferno prodigy|I need to sleep let me win\n|\n|t:|1682227519\n|move|p1b: Gyarados|Thunder Wave|p2b: Dondozo\n|-fail|p2b: Dondozo|par\n|cant|p2b: Dondozo|par\n|\n|-heal|p2b: Dondozo|44\/100 par|[from] item: Leftovers\n|upkeep\n|turn|32\n|\n|t:|1682227528\n|move|p1b: Gyarados|Iron Head|p2b: Dondozo\n|-resisted|p2b: Dondozo\n|-damage|p2b: Dondozo|38\/100 par\n|move|p2b: Dondozo|Soak|p1b: Gyarados\n|-fail|p1b: Gyarados\n|\n|-heal|p2b: Dondozo|44\/100 par|[from] item: Leftovers\n|upkeep\n|turn|33\n|\n|t:|1682227541\n|move|p2b: Dondozo|Protect|p2b: Dondozo\n|-singleturn|p2b: Dondozo|Protect\n|move|p1b: Gyarados|Taunt|p2b: Dondozo\n|-activate|p2b: Dondozo|move: Protect\n|\n|-heal|p2b: Dondozo|50\/100 par|[from] item: Leftovers\n|upkeep\n|turn|34\n|\n|t:|1682227550\n|move|p1b: Gyarados|Taunt|p2b: Dondozo\n|-start|p2b: Dondozo|move: Taunt\n|cant|p2b: Dondozo|move: Taunt|Soak\n|\n|-heal|p2b: Dondozo|56\/100 par|[from] item: Leftovers\n|upkeep\n|turn|35\n|\n|t:|1682227559\n|move|p1b: Gyarados|Iron Head|p2b: Dondozo\n|-resisted|p2b: Dondozo\n|-damage|p2b: Dondozo|50\/100 par\n|cant|p2b: Dondozo|flinch\n|\n|-heal|p2b: Dondozo|56\/100 par|[from] item: Leftovers\n|upkeep\n|turn|36\n|\n|t:|1682227568\n|move|p1b: Gyarados|Iron Head|p2b: Dondozo\n|-resisted|p2b: Dondozo\n|-damage|p2b: Dondozo|51\/100 par\n|move|p2b: Dondozo|Wave Crash|p1b: Gyarados\n|-resisted|p1b: Gyarados\n|-damage|p1b: Gyarados|84\/100\n|-damage|p2b: Dondozo|49\/100 par|[from] Recoil\n|\n|-heal|p2b: Dondozo|55\/100 par|[from] item: Leftovers\n|-end|p2b: Dondozo|move: Taunt\n|upkeep\n|turn|37\n|c|\u2606Inferno prodigy|Cmon man please\n|\n|t:|1682227579\n|move|p2b: Dondozo|Protect|p2b: Dondozo\n|-singleturn|p2b: Dondozo|Protect\n|move|p1b: Gyarados|Taunt|p2b: Dondozo\n|-activate|p2b: Dondozo|move: Protect\n|\n|-heal|p2b: Dondozo|61\/100 par|[from] item: Leftovers\n|upkeep\n|turn|38\n|\n|t:|1682227589\n|move|p1b: Gyarados|Taunt|p2b: Dondozo\n|-start|p2b: Dondozo|move: Taunt\n|cant|p2b: Dondozo|move: Taunt|Soak\n|\n|-heal|p2b: Dondozo|68\/100 par|[from] item: Leftovers\n|upkeep\n|turn|39\n|\n|t:|1682227598\n|move|p1b: Gyarados|Waterfall|p2b: Dondozo\n|-resisted|p2b: Dondozo\n|-crit|p2b: Dondozo\n|-damage|p2b: Dondozo|53\/100 par\n|move|p2b: Dondozo|Wave Crash|p1b: Gyarados\n|-resisted|p1b: Gyarados\n|-damage|p1b: Gyarados|78\/100\n|-damage|p2b: Dondozo|51\/100 par|[from] Recoil\n|\n|-heal|p2b: Dondozo|57\/100 par|[from] item: Leftovers\n|upkeep\n|turn|40\n|\n|t:|1682227609\n|move|p1b: Gyarados|Iron Head|p2b: Dondozo\n|-resisted|p2b: Dondozo\n|-damage|p2b: Dondozo|51\/100 par\n|cant|p2b: Dondozo|par\n|\n|-heal|p2b: Dondozo|57\/100 par|[from] item: Leftovers\n|-end|p2b: Dondozo|move: Taunt\n|upkeep\n|turn|41\n|j| kusunokisio\n|\n|t:|1682227621\n|move|p1b: Gyarados|Thunder Wave|p2b: Dondozo|[miss]\n|-miss|p1b: Gyarados|p2b: Dondozo\n|cant|p2b: Dondozo|par\n|\n|-heal|p2b: Dondozo|63\/100 par|[from] item: Leftovers\n|upkeep\n|turn|42\n|\n|t:|1682227627\n|move|p2b: Dondozo|Protect|p2b: Dondozo\n|-singleturn|p2b: Dondozo|Protect\n|move|p1b: Gyarados|Iron Head|p2b: Dondozo\n|-activate|p2b: Dondozo|move: Protect\n|\n|-heal|p2b: Dondozo|70\/100 par|[from] item: Leftovers\n|upkeep\n|turn|43\n|\n|t:|1682227636\n|move|p1b: Gyarados|Taunt|p2b: Dondozo\n|-start|p2b: Dondozo|move: Taunt\n|cant|p2b: Dondozo|move: Taunt|Soak\n|\n|-heal|p2b: Dondozo|76\/100 par|[from] item: Leftovers\n|upkeep\n|turn|44\n|\n|t:|1682227644\n|move|p1b: Gyarados|Iron Head|p2b: Dondozo\n|-resisted|p2b: Dondozo\n|-damage|p2b: Dondozo|69\/100 par\n|cant|p2b: Dondozo|par\n|\n|-heal|p2b: Dondozo|75\/100 par|[from] item: Leftovers\n|upkeep\n|turn|45\n|\n|t:|1682227653\n|move|p1b: Gyarados|Waterfall|p2b: Dondozo\n|-resisted|p2b: Dondozo\n|-damage|p2b: Dondozo|67\/100 par\n|move|p2b: Dondozo|Wave Crash|p1b: Gyarados\n|-resisted|p1b: Gyarados\n|-damage|p1b: Gyarados|72\/100\n|-damage|p2b: Dondozo|65\/100 par|[from] Recoil\n|\n|-heal|p2b: Dondozo|71\/100 par|[from] item: Leftovers\n|-end|p2b: Dondozo|move: Taunt\n|upkeep\n|turn|46\n|\n|t:|1682227664\n|move|p2b: Dondozo|Protect|p2b: Dondozo\n|-singleturn|p2b: Dondozo|Protect\n|move|p1b: Gyarados|Taunt|p2b: Dondozo\n|-activate|p2b: Dondozo|move: Protect\n|\n|-heal|p2b: Dondozo|77\/100 par|[from] item: Leftovers\n|upkeep\n|turn|47\n|\n|t:|1682227674\n|move|p1b: Gyarados|Thunder Wave|p2b: Dondozo\n|-fail|p2b: Dondozo|par\n|move|p2b: Dondozo|Soak|p1b: Gyarados\n|-fail|p1b: Gyarados\n|\n|-heal|p2b: Dondozo|84\/100 par|[from] item: Leftovers\n|upkeep\n|turn|48\n|inactive|xingtian666 has 30 seconds left.\n|\n|t:|1682227683\n|move|p2b: Dondozo|Protect|p2b: Dondozo\n|-singleturn|p2b: Dondozo|Protect\n|move|p1b: Gyarados|Thunder Wave|p2b: Dondozo\n|-activate|p2b: Dondozo|move: Protect\n|\n|-heal|p2b: Dondozo|90\/100 par|[from] item: Leftovers\n|upkeep\n|turn|49\n|inactive|xingtian666 has 30 seconds left this turn.\n|\n|t:|1682227692\n|move|p1b: Gyarados|Thunder Wave|p2b: Dondozo\n|-fail|p2b: Dondozo|par\n|move|p2b: Dondozo|Wave Crash|p1b: Gyarados\n|-resisted|p1b: Gyarados\n|-damage|p1b: Gyarados|67\/100\n|-damage|p2b: Dondozo|88\/100 par|[from] Recoil\n|\n|-heal|p2b: Dondozo|94\/100 par|[from] item: Leftovers\n|upkeep\n|turn|50\n|inactive|xingtian666 has 25 seconds left this turn.\n|inactive|xingtian666 has 20 seconds left.\n|\n|t:|1682227704\n|move|p1b: Gyarados|Iron Head|p2b: Dondozo\n|-resisted|p2b: Dondozo\n|-damage|p2b: Dondozo|89\/100 par\n|cant|p2b: Dondozo|par\n|\n|-heal|p2b: Dondozo|95\/100 par|[from] item: Leftovers\n|upkeep\n|turn|51\n|inactive|xingtian666 has 20 seconds left this turn.\n|inactive|xingtian666 has 15 seconds left.\n|\n|t:|1682227712\n|move|p2b: Dondozo|Protect|p2b: Dondozo\n|-singleturn|p2b: Dondozo|Protect\n|move|p1b: Gyarados|Iron Head|p2b: Dondozo\n|-activate|p2b: Dondozo|move: Protect\n|\n|-heal|p2b: Dondozo|100\/100 par|[from] item: Leftovers\n|upkeep\n|turn|52\n|inactive|xingtian666 has 15 seconds left this turn.\n|inactive|xingtian666 has 10 seconds left.\n|\n|t:|1682227721\n|move|p1b: Gyarados|Taunt|p2b: Dondozo\n|-start|p2b: Dondozo|move: Taunt\n|cant|p2b: Dondozo|move: Taunt|Soak\n|\n|upkeep\n|turn|53\n|inactive|xingtian666 has 10 seconds left this turn.\n|\n|t:|1682227727\n|move|p1b: Gyarados|Thunder Wave|p2b: Dondozo\n|-fail|p2b: Dondozo|par\n|move|p2b: Dondozo|Wave Crash|p1b: Gyarados\n|-resisted|p1b: Gyarados\n|-damage|p1b: Gyarados|60\/100\n|-damage|p2b: Dondozo|99\/100 par|[from] Recoil\n|\n|-heal|p2b: Dondozo|100\/100 par|[from] item: Leftovers\n|upkeep\n|turn|54\n|inactive|xingtian666 has 10 seconds left this turn.\n|\n|t:|1682227733\n|move|p1b: Gyarados|Thunder Wave|p2b: Dondozo\n|-fail|p2b: Dondozo|par\n|cant|p2b: Dondozo|par\n|\n|-end|p2b: Dondozo|move: Taunt\n|upkeep\n|turn|55\n|inactive|xingtian666 has 10 seconds left this turn.\n|\n|t:|1682227738\n|move|p1b: Gyarados|Taunt|p2b: Dondozo\n|-start|p2b: Dondozo|move: Taunt\n|cant|p2b: Dondozo|par\n|\n|upkeep\n|turn|56\n|inactive|xingtian666 has 10 seconds left this turn.\n|\n|t:|1682227744\n|move|p1b: Gyarados|Thunder Wave|p2b: Dondozo\n|-fail|p2b: Dondozo|par\n|move|p2b: Dondozo|Wave Crash|p1b: Gyarados\n|-resisted|p1b: Gyarados\n|-damage|p1b: Gyarados|54\/100\n|-damage|p2b: Dondozo|99\/100 par|[from] Recoil\n|\n|-heal|p2b: Dondozo|100\/100 par|[from] item: Leftovers\n|upkeep\n|turn|57\n|inactive|xingtian666 has 10 seconds left this turn.\n|\n|t:|1682227752\n|move|p1b: Gyarados|Thunder Wave|p2b: Dondozo\n|-fail|p2b: Dondozo|par\n|cant|p2b: Dondozo|par\n|\n|-end|p2b: Dondozo|move: Taunt\n|upkeep\n|turn|58\n|inactive|xingtian666 has 10 seconds left this turn.\n|\n|t:|1682227757\n|move|p1b: Gyarados|Taunt|p2b: Dondozo\n|-start|p2b: Dondozo|move: Taunt\n|move|p2b: Dondozo|Wave Crash|p1b: Gyarados\n|-resisted|p1b: Gyarados\n|-damage|p1b: Gyarados|49\/100\n|-damage|p2b: Dondozo|99\/100 par|[from] Recoil\n|\n|-heal|p2b: Dondozo|100\/100 par|[from] item: Leftovers\n|upkeep\n|turn|59\n|inactive|xingtian666 has 10 seconds left this turn.\n|\n|t:|1682227764\n|move|p1b: Gyarados|Taunt||[still]\n|-fail|p1b: Gyarados\n|cant|p2b: Dondozo|par\n|\n|upkeep\n|turn|60\n|inactive|xingtian666 has 10 seconds left this turn.\n|\n|t:|1682227768\n|move|p1b: Gyarados|Taunt||[still]\n|-fail|p1b: Gyarados\n|cant|p2b: Dondozo|par\n|\n|-end|p2b: Dondozo|move: Taunt\n|upkeep\n|turn|61\n|inactive|xingtian666 has 10 seconds left this turn.\n|\n|t:|1682227772\n|move|p1b: Gyarados|Taunt|p2b: Dondozo\n|-start|p2b: Dondozo|move: Taunt\n|move|p2b: Dondozo|Wave Crash|p1b: Gyarados\n|-resisted|p1b: Gyarados\n|-damage|p1b: Gyarados|43\/100\n|-damage|p2b: Dondozo|99\/100 par|[from] Recoil\n|\n|-heal|p2b: Dondozo|100\/100 par|[from] item: Leftovers\n|upkeep\n|turn|62\n|inactive|xingtian666 has 10 seconds left this turn.\n|\n|t:|1682227774\n|move|p1b: Gyarados|Taunt||[still]\n|-fail|p1b: Gyarados\n|move|p2b: Dondozo|Wave Crash|p1b: Gyarados\n|-resisted|p1b: Gyarados\n|-damage|p1b: Gyarados|37\/100\n|-damage|p2b: Dondozo|99\/100 par|[from] Recoil\n|\n|-heal|p2b: Dondozo|100\/100 par|[from] item: Leftovers\n|upkeep\n|turn|63\n|inactive|xingtian666 has 10 seconds left this turn.\n|inactive|xingtian666 has 5 seconds left.\n|\n|t:|1682227783\n|move|p1b: Gyarados|Taunt||[still]\n|-fail|p1b: Gyarados\n|move|p2b: Dondozo|Wave Crash|p1b: Gyarados\n|-resisted|p1b: Gyarados\n|-damage|p1b: Gyarados|31\/100\n|-damage|p2b: Dondozo|99\/100 par|[from] Recoil\n|\n|-heal|p2b: Dondozo|100\/100 par|[from] item: Leftovers\n|-end|p2b: Dondozo|move: Taunt\n|upkeep\n|turn|64\n|inactive|xingtian666 has 5 seconds left this turn.\n|\n|t:|1682227793\n|move|p1b: Gyarados|Iron Head|p2b: Dondozo\n|-resisted|p2b: Dondozo\n|-damage|p2b: Dondozo|95\/100 par\n|cant|p2b: Dondozo|par\n|\n|-heal|p2b: Dondozo|100\/100 par|[from] item: Leftovers\n|upkeep\n|turn|65\n|inactive|xingtian666 has 5 seconds left this turn.\n|l| kusunokisio\n|\n|t:|1682227800\n|move|p1b: Gyarados|Iron Head|p2b: Dondozo\n|-resisted|p2b: Dondozo\n|-damage|p2b: Dondozo|95\/100 par\n|move|p2b: Dondozo|Wave Crash|p1b: Gyarados\n|-resisted|p1b: Gyarados\n|-damage|p1b: Gyarados|25\/100\n|-damage|p2b: Dondozo|93\/100 par|[from] Recoil\n|\n|-heal|p2b: Dondozo|99\/100 par|[from] item: Leftovers\n|upkeep\n|turn|66\n|inactive|xingtian666 has 5 seconds left this turn.\n|\n|t:|1682227809\n|move|p1b: Gyarados|Iron Head|p2b: Dondozo\n|-resisted|p2b: Dondozo\n|-damage|p2b: Dondozo|93\/100 par\n|move|p2b: Dondozo|Wave Crash|p1b: Gyarados\n|-resisted|p1b: Gyarados\n|-damage|p1b: Gyarados|19\/100\n|-damage|p2b: Dondozo|91\/100 par|[from] Recoil\n|\n|-heal|p2b: Dondozo|98\/100 par|[from] item: Leftovers\n|upkeep\n|turn|67\n|inactive|xingtian666 has 5 seconds left this turn.\n|inactive|Inferno prodigy has 30 seconds left.\n|inactive|Inferno prodigy has 20 seconds left.\n|c|\u2606Inferno prodigy|Should have let me win man but I can respect your long battle\n|\n|t:|1682227834\n|move|p1b: Gyarados|Thunder Wave|p2b: Dondozo\n|-fail|p2b: Dondozo|par\n|move|p2b: Dondozo|Wave Crash|p1b: Gyarados\n|-resisted|p1b: Gyarados\n|-damage|p1b: Gyarados|13\/100\n|-damage|p2b: Dondozo|96\/100 par|[from] Recoil\n|\n|-heal|p2b: Dondozo|100\/100 par|[from] item: Leftovers\n|upkeep\n|turn|68\n|inactive|Inferno prodigy has 20 seconds left this turn.\n|inactive|xingtian666 has 5 seconds left this turn.\n|inactive|Inferno prodigy has 15 seconds left.\n|\n|t:|1682227839\n|move|p1b: Gyarados|Thunder Wave|p2b: Dondozo\n|-fail|p2b: Dondozo|par\n|move|p2b: Dondozo|Wave Crash|p1b: Gyarados\n|-resisted|p1b: Gyarados\n|-damage|p1b: Gyarados|7\/100\n|-damage|p2b: Dondozo|99\/100 par|[from] Recoil\n|\n|-heal|p2b: Dondozo|100\/100 par|[from] item: Leftovers\n|upkeep\n|turn|69\n|inactive|Inferno prodigy has 15 seconds left this turn.\n|inactive|xingtian666 has 5 seconds left this turn.\n|inactive|Inferno prodigy has 10 seconds left.\n|\n|t:|1682227845\n|move|p2b: Dondozo|Protect|p2b: Dondozo\n|-singleturn|p2b: Dondozo|Protect\n|move|p1b: Gyarados|Taunt|p2b: Dondozo\n|-activate|p2b: Dondozo|move: Protect\n|\n|upkeep\n|turn|70\n|inactive|Inferno prodigy has 10 seconds left this turn.\n|inactive|xingtian666 has 5 seconds left this turn.\n|\n|t:|1682227847\n|move|p2b: Dondozo|Protect|p2b: Dondozo\n|-singleturn|p2b: Dondozo|Protect\n|move|p1b: Gyarados|Taunt|p2b: Dondozo\n|-activate|p2b: Dondozo|move: Protect\n|\n|upkeep\n|turn|71\n|inactive|Inferno prodigy has 10 seconds left this turn.\n|inactive|xingtian666 has 5 seconds left this turn.\n|\n|t:|1682227850\n|move|p1b: Gyarados|Taunt|p2b: Dondozo\n|-start|p2b: Dondozo|move: Taunt\n|cant|p2b: Dondozo|move: Taunt|Soak\n|\n|upkeep\n|turn|72\n|inactive|Inferno prodigy has 10 seconds left this turn.\n|inactive|xingtian666 has 5 seconds left this turn.\n|inactive|Inferno prodigy has 5 seconds left.\n|\n|t:|1682227856\n|move|p1b: Gyarados|Waterfall|p2b: Dondozo\n|-resisted|p2b: Dondozo\n|-damage|p2b: Dondozo|91\/100 par\n|-activate|p2b: Dondozo|move: Struggle\n|move|p2b: Dondozo|Struggle|p1b: Gyarados\n|-damage|p1b: Gyarados|3\/100\n|-damage|p2b: Dondozo|66\/100 par|[from] recoil\n|\n|-heal|p2b: Dondozo|73\/100 par|[from] item: Leftovers\n|upkeep\n|turn|73\n|inactive|Inferno prodigy has 5 seconds left this turn.\n|inactive|xingtian666 has 5 seconds left this turn.\n|-message|Inferno prodigy lost due to inactivity.\n|\n|win|xingtian666\n|raw|Inferno prodigy's rating: 1502 → 1488<\/strong> (-14 for losing)\n|raw|xingtian666's rating: 1606 → 1620<\/strong> (+14 for winning)\n|l|\u2606Inferno prodigy\n|l| BlindMagneton\n|l|\u2606xingtian666\n|j|\u2606xingtian666\n|player|p2|xingtian666|170\n","uploadtime":1682227884,"views":20,"p1id":"infernoprodigy","p2id":"xingtian666","formatid":"gen9vgc2023regulationc","rating":1488,"private":0,"password":""}