{"id":"gen9vgc2023regulationc-1855883770","p1":"SpadesTest","p2":"quick222","format":"[Gen 9] VGC 2023 Regulation C","log":"|j|\u2606SpadesTest\n|j|\u2606quick222\n|t:|1682995765\n|gametype|doubles\n|player|p1|SpadesTest|169|\n|player|p2|quick222|cynthia-gen4|\n|teamsize|p1|6\n|teamsize|p2|6\n|gen|9\n|tier|[Gen 9] VGC 2023 Regulation C\n|rule|Species Clause: Limit one of each Pok\u00e9mon\n|rule|Item Clause: Limit one of each item\n|clearpoke\n|poke|p1|Amoonguss, L50, M|\n|poke|p1|Palafin, L50, F|\n|poke|p1|Arcanine, L50, F|\n|poke|p1|Ting-Lu, L50|\n|poke|p1|Kingambit, L50, F|\n|poke|p1|Flutter Mane, L50|\n|poke|p2|Iron Moth, L50|\n|poke|p2|Pawmot, L50, F|\n|poke|p2|Iron Valiant, L50|\n|poke|p2|Pincurchin, L50, M|\n|poke|p2|Salamence, L50, F|\n|poke|p2|Gardevoir, L50, M|\n|teampreview|4\n|j| SetsukuVGC\n|\n|t:|1682995867\n|start\n|switch|p1a: Magnus|Kingambit, L50, F|100\/100\n|switch|p1b: Fun Police|Arcanine, L50, F|100\/100\n|switch|p2a: Pincurchin|Pincurchin, L50, M|100\/100\n|switch|p2b: Pawmot|Pawmot, L50, F|100\/100\n|-ability|p1b: Fun Police|Intimidate|boost\n|-unboost|p2a: Pincurchin|atk|1\n|-unboost|p2b: Pawmot|atk|1\n|-fieldstart|move: Electric Terrain|[from] ability: Electric Surge|[of] p2a: Pincurchin\n|turn|1\n|\n|t:|1682995884\n|move|p1a: Magnus|Protect|p1a: Magnus\n|-singleturn|p1a: Magnus|Protect\n|move|p2b: Pawmot|Fake Out|p1b: Fun Police\n|-damage|p1b: Fun Police|92\/100\n|cant|p1b: Fun Police|flinch\n|move|p2a: Pincurchin|Toxic Spikes|p1b: Fun Police\n|-sidestart|p1: SpadesTest|move: Toxic Spikes\n|\n|upkeep\n|turn|2\n|\n|t:|1682995923\n|switch|p1a: Imposter|Amoonguss, L50, M|100\/100\n|-sideend|p1: SpadesTest|move: Toxic Spikes|[of] p1a: Imposter\n|move|p2b: Pawmot|Double Shock|p1a: Imposter\n|-resisted|p1a: Imposter\n|-damage|p1a: Imposter|79\/100\n|-start|p2b: Pawmot|typechange|???\/Fighting|[from] move: Double Shock\n|move|p1b: Fun Police|Flare Blitz|p2b: Pawmot\n|-damage|p2b: Pawmot|13\/100\n|-damage|p1b: Fun Police|71\/100|[from] Recoil\n|move|p2a: Pincurchin|Zing Zap|p1b: Fun Police\n|-damage|p1b: Fun Police|37\/100\n|\n|upkeep\n|turn|3\n|\n|t:|1682995964\n|switch|p2b: Salamence|Salamence, L50, F|100\/100\n|-ability|p2b: Salamence|Intimidate|boost\n|-unboost|p1a: Imposter|atk|1\n|-unboost|p1b: Fun Police|atk|1\n|move|p1b: Fun Police|Extreme Speed|p2b: Salamence\n|-crit|p2b: Salamence\n|-damage|p2b: Salamence|62\/100\n|move|p1a: Imposter|Pollen Puff|p1b: Fun Police\n|-heal|p1b: Fun Police|87\/100\n|move|p2a: Pincurchin|Zing Zap|p1b: Fun Police\n|-damage|p1b: Fun Police|54\/100\n|\n|upkeep\n|turn|4\n|\n|t:|1682995992\n|switch|p1b: Timeline|Flutter Mane, L50|100\/100\n|move|p2b: Salamence|Iron Defense|p2b: Salamence\n|-boost|p2b: Salamence|def|2\n|move|p1a: Imposter|Spore|p2b: Salamence\n|-activate|p2b: Salamence|item: Safety Goggles|Spore\n|move|p2a: Pincurchin|Zing Zap|p1b: Timeline\n|-damage|p1b: Timeline|56\/100\n|\n|upkeep\n|turn|5\n|l| SetsukuVGC\n|\n|t:|1682996009\n|-terastallize|p1b: Timeline|Fairy\n|-terastallize|p2b: Salamence|Steel\n|move|p1a: Imposter|Rage Powder|p1a: Imposter\n|-singleturn|p1a: Imposter|move: Rage Powder\n|move|p1b: Timeline|Dazzling Gleam|p2a: Pincurchin|[spread] p2a,p2b\n|-resisted|p2b: Salamence\n|-damage|p2a: Pincurchin|22\/100\n|-damage|p2b: Salamence|39\/100\n|-enditem|p2a: Pincurchin|Sitrus Berry|[eat]\n|-heal|p2a: Pincurchin|46\/100|[from] item: Sitrus Berry\n|move|p2b: Salamence|Roost|p2b: Salamence\n|-heal|p2b: Salamence|89\/100\n|move|p2a: Pincurchin|Zing Zap|p1a: Imposter\n|-resisted|p1a: Imposter\n|-damage|p1a: Imposter|66\/100\n|\n|-fieldend|move: Electric Terrain\n|upkeep\n|turn|6\n|j| SetsukuVGC\n|\n|t:|1682996042\n|move|p1b: Timeline|Dazzling Gleam|p2a: Pincurchin|[spread] p2a,p2b\n|-resisted|p2b: Salamence\n|-crit|p2b: Salamence\n|-damage|p2a: Pincurchin|0 fnt\n|-damage|p2b: Salamence|55\/100\n|faint|p2a: Pincurchin\n|move|p2b: Salamence|Air Slash|p1a: Imposter\n|-supereffective|p1a: Imposter\n|-damage|p1a: Imposter|19\/100\n|-enditem|p1a: Imposter|Sitrus Berry|[eat]\n|-heal|p1a: Imposter|43\/100|[from] item: Sitrus Berry\n|move|p1a: Imposter|Pollen Puff|p1b: Timeline\n|-heal|p1b: Timeline|100\/100\n|\n|upkeep\n|\n|t:|1682996059\n|switch|p2a: Pawmot|Pawmot, L50, F|13\/100\n|turn|7\n|\n|t:|1682996083\n|-end|p1b: Timeline|Protosynthesis|[silent]\n|switch|p1b: Magnus|Kingambit, L50, F|100\/100\n|switch|p1a: Fun Police|Arcanine, L50, F|54\/100\n|-ability|p1a: Fun Police|Intimidate|boost\n|-unboost|p2a: Pawmot|atk|1\n|-unboost|p2b: Salamence|atk|1\n|move|p2a: Pawmot|Fake Out|p1b: Magnus\n|-resisted|p1b: Magnus\n|-damage|p1b: Magnus|98\/100\n|move|p2b: Salamence|Roost|p2b: Salamence\n|-heal|p2b: Salamence|100\/100\n|\n|upkeep\n|turn|8\n|\n|t:|1682996148\n|switch|p2a: Iron Valiant|Iron Valiant, L50|100\/100\n|move|p1a: Fun Police|Extreme Speed|p2a: Iron Valiant\n|-damage|p2a: Iron Valiant|71\/100\n|move|p2b: Salamence|Iron Defense|p2b: Salamence\n|-boost|p2b: Salamence|def|2\n|move|p1b: Magnus|Swords Dance|p1b: Magnus\n|-boost|p1b: Magnus|atk|2\n|\n|upkeep\n|turn|9\n|\n|t:|1682996171\n|move|p2a: Iron Valiant|Protect|p2a: Iron Valiant\n|-singleturn|p2a: Iron Valiant|Protect\n|move|p1b: Magnus|Protect|p1b: Magnus\n|-singleturn|p1b: Magnus|Protect\n|move|p1a: Fun Police|Flare Blitz|p2a: Iron Valiant\n|-activate|p2a: Iron Valiant|move: Protect\n|move|p2b: Salamence|Air Slash|p1a: Fun Police\n|-damage|p1a: Fun Police|27\/100\n|\n|upkeep\n|turn|10\n|\n|t:|1682996215\n|move|p1a: Fun Police|Extreme Speed|p2a: Iron Valiant\n|-damage|p2a: Iron Valiant|40\/100\n|move|p1b: Magnus|Sucker Punch||[still]\n|-fail|p1b: Magnus\n|move|p2a: Iron Valiant|Destiny Bond|p2a: Iron Valiant\n|-singlemove|p2a: Iron Valiant|Destiny Bond\n|move|p2b: Salamence|Air Slash|p1a: Fun Police\n|-crit|p1a: Fun Police\n|-damage|p1a: Fun Police|0 fnt\n|faint|p1a: Fun Police\n|\n|upkeep\n|\n|t:|1682996231\n|switch|p1a: Imposter|Amoonguss, L50, M|77\/100\n|turn|11\n|\n|t:|1682996255\n|move|p1a: Imposter|Rage Powder|p1a: Imposter\n|-singleturn|p1a: Imposter|move: Rage Powder\n|move|p2a: Iron Valiant|Close Combat|p1a: Imposter\n|-resisted|p1a: Imposter\n|-damage|p1a: Imposter|43\/100\n|-unboost|p2a: Iron Valiant|def|1\n|-unboost|p2a: Iron Valiant|spd|1\n|-damage|p2a: Iron Valiant|31\/100|[from] item: Life Orb\n|move|p2b: Salamence|Air Slash|p1a: Imposter|[miss]\n|-miss|p2b: Salamence|p1a: Imposter\n|move|p1b: Magnus|Swords Dance|p1b: Magnus\n|-boost|p1b: Magnus|atk|2\n|\n|upkeep\n|turn|12\n|l| SetsukuVGC\n|\n|t:|1682996286\n|move|p1a: Imposter|Rage Powder|p1a: Imposter\n|-singleturn|p1a: Imposter|move: Rage Powder\n|move|p2a: Iron Valiant|Destiny Bond|p2a: Iron Valiant\n|-singlemove|p2a: Iron Valiant|Destiny Bond\n|move|p2b: Salamence|Iron Defense|p2b: Salamence\n|-boost|p2b: Salamence|def|2\n|move|p1b: Magnus|Kowtow Cleave|p2b: Salamence\n|-damage|p2b: Salamence|54\/100\n|\n|upkeep\n|turn|13\n|j| SetsukuVGC\n|\n|t:|1682996307\n|-end|p2a: Iron Valiant|Quark Drive|[silent]\n|switch|p2a: Pawmot|Pawmot, L50, F|13\/100\n|move|p1a: Imposter|Rage Powder|p1a: Imposter\n|-singleturn|p1a: Imposter|move: Rage Powder\n|move|p2b: Salamence|Air Slash|p1a: Imposter\n|-supereffective|p1a: Imposter\n|-damage|p1a: Imposter|0 fnt\n|faint|p1a: Imposter\n|move|p1b: Magnus|Kowtow Cleave|p2a: Pawmot\n|-resisted|p2a: Pawmot\n|-damage|p2a: Pawmot|0 fnt\n|faint|p2a: Pawmot\n|\n|upkeep\n|\n|t:|1682996317\n|switch|p2a: Iron Valiant|Iron Valiant, L50|31\/100\n|switch|p1a: Timeline|Flutter Mane, L50, tera:Fairy|100\/100\n|turn|14\n|\n|t:|1682996359\n|move|p2a: Iron Valiant|Protect|p2a: Iron Valiant\n|-singleturn|p2a: Iron Valiant|Protect\n|move|p1b: Magnus|Sucker Punch|p2b: Salamence\n|-damage|p2b: Salamence|13\/100\n|move|p1a: Timeline|Shadow Ball|p2b: Salamence\n|-crit|p2b: Salamence\n|-damage|p2b: Salamence|0 fnt\n|faint|p2b: Salamence\n|\n|upkeep\n|turn|15\n|\n|t:|1682996374\n|move|p1b: Magnus|Sucker Punch|p2a: Iron Valiant\n|-resisted|p2a: Iron Valiant\n|-damage|p2a: Iron Valiant|0 fnt\n|faint|p2a: Iron Valiant\n|-end|p2a: Iron Valiant|Quark Drive|[silent]\n|\n|win|SpadesTest\n|l|\u2606SpadesTest\n|c|\u2606quick222|gg\n","uploadtime":1682996380,"views":14,"p1id":"spadestest","p2id":"quick222","formatid":"gen9vgc2023regulationc","rating":0,"private":0,"password":""}