{"id":"gen9vgc2023regulationc-1849200852","p1":"Rofus10","p2":"MistressQueenM","format":"[Gen 9] VGC 2023 Regulation C","log":"|j|\u2606Rofus10\n|j|\u2606MistressQueenM\n|t:|1682171959\n|gametype|doubles\n|player|p1|Rofus10|266|1299\n|player|p2|MistressQueenM|veteranf|1232\n|teamsize|p1|6\n|teamsize|p2|6\n|gen|9\n|tier|[Gen 9] VGC 2023 Regulation C\n|rated|\n|rule|Species Clause: Limit one of each Pok\u00e9mon\n|rule|Item Clause: Limit one of each item\n|clearpoke\n|poke|p1|Maushold-Four, L50|\n|poke|p1|Annihilape, L50, M|\n|poke|p1|Palafin, L50, F|\n|poke|p1|Tatsugiri, L50, M|\n|poke|p1|Dondozo, L50, M|\n|poke|p1|Flutter Mane, L50|\n|poke|p2|Wo-Chien, L50|\n|poke|p2|Torkoal, L50, M|\n|poke|p2|Garganacl, L50, F|\n|poke|p2|Great Tusk, L50|\n|poke|p2|Murkrow, L50, M|\n|poke|p2|Farigiraf, L50, F|\n|teampreview|4\n|inactive|Battle timer is ON: inactive players will automatically lose when time's up. (requested by Rofus10)\n|\n|t:|1682171996\n|start\n|switch|p1a: Maushold|Maushold-Four, L50|100\/100\n|switch|p1b: Annihilape|Annihilape, L50, M|100\/100\n|switch|p2a: Fool|Murkrow, L50, M|100\/100\n|switch|p2b: Freak|Farigiraf, L50, F|100\/100\n|turn|1\n|\n|t:|1682172006\n|move|p2a: Fool|Taunt|p1a: Maushold\n|-start|p1a: Maushold|move: Taunt\n|move|p1a: Maushold|Beat Up|p1b: Annihilape\n|-damage|p1b: Annihilape|99\/100\n|-damage|p1b: Annihilape|97\/100\n|-damage|p1b: Annihilape|96\/100\n|-damage|p1b: Annihilape|94\/100\n|-hitcount|p1b: Annihilape|4\n|move|p1b: Annihilape|Substitute|p1b: Annihilape\n|-start|p1b: Annihilape|Substitute\n|-damage|p1b: Annihilape|69\/100\n|move|p2b: Freak|Trick Room|p2b: Freak\n|-fieldstart|move: Trick Room|[of] p2b: Freak\n|\n|-heal|p1b: Annihilape|75\/100|[from] item: Leftovers\n|upkeep\n|turn|2\n|inactive|Rofus10 has 30 seconds left.\n|\n|t:|1682172033\n|move|p2b: Freak|Foul Play|p1b: Annihilape\n|-activate|p1b: Annihilape|move: Substitute|[damage]\n|move|p1b: Annihilape|Rage Fist|p2a: Fool\n|-resisted|p2a: Fool\n|-damage|p2a: Fool|37\/100\n|move|p2a: Fool|Foul Play|p1b: Annihilape\n|-end|p1b: Annihilape|Substitute\n|move|p1a: Maushold|Super Fang|p2b: Freak\n|-damage|p2b: Freak|51\/100\n|\n|-heal|p1b: Annihilape|81\/100|[from] item: Leftovers\n|upkeep\n|turn|3\n|\n|t:|1682172050\n|move|p2a: Fool|Thunder Wave|p1b: Annihilape\n|-status|p1b: Annihilape|par\n|cant|p1b: Annihilape|par\n|move|p2b: Freak|Foul Play|p1b: Annihilape\n|-damage|p1b: Annihilape|64\/100 par\n|move|p1a: Maushold|Super Fang|p2b: Freak\n|-damage|p2b: Freak|26\/100\n|\n|-heal|p1b: Annihilape|70\/100 par|[from] item: Leftovers\n|-end|p1a: Maushold|move: Taunt\n|upkeep\n|turn|4\n|c|\u2606Rofus10|Gotta love hax\n|\n|t:|1682172066\n|move|p1a: Maushold|Protect|p1a: Maushold\n|-singleturn|p1a: Maushold|Protect\n|move|p1b: Annihilape|Drain Punch|p2b: Freak\n|-damage|p2b: Freak|0 fnt\n|-heal|p1b: Annihilape|83\/100 par|[from] drain|[of] p2b: Freak\n|faint|p2b: Freak\n|move|p2a: Fool|Foul Play|p1a: Maushold\n|-activate|p1a: Maushold|move: Protect\n|\n|-heal|p1b: Annihilape|89\/100 par|[from] item: Leftovers\n|upkeep\n|c|\u2606MistressQueenM|been around since the first gen\n|c|\u2606MistressQueenM|get used to it\n|c|\u2606MistressQueenM|worm\n|\n|t:|1682172078\n|switch|p2b: Abrams|Torkoal, L50, M, shiny|100\/100\n|-weather|SunnyDay|[from] ability: Drought|[of] p2b: Abrams\n|turn|5\n|\n|t:|1682172090\n|move|p2a: Fool|Thunder Wave|p1a: Maushold\n|-status|p1a: Maushold|par\n|move|p2b: Abrams|Eruption|p1b: Annihilape|[spread] p1a,p1b\n|-enditem|p1a: Maushold|Focus Sash\n|-damage|p1a: Maushold|1\/100 par\n|-damage|p1b: Annihilape|45\/100 par\n|cant|p1b: Annihilape|par\n|cant|p1a: Maushold|par\n|\n|-weather|SunnyDay|[upkeep]\n|-heal|p1b: Annihilape|51\/100 par|[from] item: Leftovers\n|-fieldend|move: Trick Room\n|upkeep\n|turn|6\n|c|\u2606Rofus10|Oh what a joke\n|\n|t:|1682172111\n|cant|p1a: Maushold|par\n|move|p2a: Fool|Tailwind|p2a: Fool\n|-sidestart|p2: MistressQueenM|move: Tailwind\n|move|p2b: Abrams|Heat Wave|p1a: Maushold|[spread] p1a,p1b\n|-damage|p1a: Maushold|0 fnt\n|-damage|p1b: Annihilape|25\/100 par\n|faint|p1a: Maushold\n|cant|p1b: Annihilape|par\n|\n|-weather|SunnyDay|[upkeep]\n|-heal|p1b: Annihilape|31\/100 par|[from] item: Leftovers\n|upkeep\n|c|\u2606MistressQueenM|you're using doodoo donzo\n|c|\u2606MistressQueenM|AND palafin\n|c|\u2606MistressQueenM|talk about power creep\n|inactive|Rofus10 has 30 seconds left.\n|c|\u2606Rofus10|If you find a way to lose this that\u2019s impressive\n|inactive|Rofus10 has 20 seconds left.\n|\n|t:|1682172146\n|switch|p1a: Tatsugiri|Tatsugiri, L50, M|100\/100\n|turn|7\n|\n|t:|1682172152\n|move|p2b: Abrams|Protect|p2b: Abrams\n|-singleturn|p2b: Abrams|Protect\n|move|p2a: Fool|Thunder Wave|p1a: Tatsugiri\n|-status|p1a: Tatsugiri|par\n|move|p1a: Tatsugiri|Muddy Water|p2b: Abrams|[spread] p2a\n|-activate|p2b: Abrams|move: Protect\n|-damage|p2a: Fool|23\/100\n|cant|p1b: Annihilape|par\n|\n|-weather|SunnyDay|[upkeep]\n|-heal|p1b: Annihilape|37\/100 par|[from] item: Leftovers\n|upkeep\n|turn|8\n|\n|t:|1682172172\n|move|p2a: Fool|Foul Play|p1a: Tatsugiri\n|-damage|p1a: Tatsugiri|75\/100 par\n|move|p2b: Abrams|Eruption|p1b: Annihilape|[spread] p1a,p1b\n|-resisted|p1a: Tatsugiri\n|-damage|p1a: Tatsugiri|56\/100 par\n|-damage|p1b: Annihilape|0 fnt\n|faint|p1b: Annihilape\n|move|p1a: Tatsugiri|Muddy Water|p2b: Abrams|[spread] p2a,p2b\n|-supereffective|p2b: Abrams\n|-damage|p2a: Fool|8\/100\n|-damage|p2b: Abrams|53\/100\n|\n|-weather|SunnyDay|[upkeep]\n|upkeep\n|\n|t:|1682172179\n|switch|p1b: Dondozo|Dondozo, L50, M|100\/100\n|-activate|p1a: Tatsugiri|ability: Commander|[of] p1b: Dondozo\n|-boost|p1b: Dondozo|atk|2\n|-boost|p1b: Dondozo|spa|2\n|-boost|p1b: Dondozo|spe|2\n|-boost|p1b: Dondozo|def|2\n|-boost|p1b: Dondozo|spd|2\n|turn|9\n|\n|t:|1682172185\n|move|p2a: Fool|Thunder Wave|p1b: Dondozo\n|-status|p1b: Dondozo|par\n|move|p2b: Abrams|Clear Smog|p1b: Dondozo\n|-damage|p1b: Dondozo|95\/100 par\n|-clearboost|p1b: Dondozo\n|move|p1b: Dondozo|Order Up|p2b: Abrams\n|-damage|p2b: Abrams|38\/100\n|-boost|p1b: Dondozo|atk|1\n|\n|-weather|none\n|-sideend|p2: MistressQueenM|move: Tailwind\n|upkeep\n|turn|10\n|\n|t:|1682172193\n|switch|p2b: PageKnight|Wo-Chien, L50|100\/100\n|-ability|p2b: PageKnight|Tablets of Ruin\n|move|p2a: Fool|Foul Play|p1b: Dondozo\n|-damage|p1b: Dondozo|81\/100 par\n|cant|p1b: Dondozo|par\n|\n|upkeep\n|turn|11\n|\n|t:|1682172205\n|move|p2a: Fool|Tailwind|p2a: Fool\n|-sidestart|p2: MistressQueenM|move: Tailwind\n|move|p2b: PageKnight|Leech Seed|p1b: Dondozo\n|-start|p1b: Dondozo|move: Leech Seed\n|cant|p1b: Dondozo|par\n|\n|-damage|p1b: Dondozo|69\/100 par|[from] Leech Seed|[of] p2b: PageKnight\n|upkeep\n|turn|12\n|c|\u2606Rofus10|This is comical\n|c|\u2606MistressQueenM|you don't sound like you're laughing though\n|c|\u2606Rofus10|Surely you can\u2019t choke this one away\n|inactive|Rofus10 has 30 seconds left.\n|\n|t:|1682172233\n|move|p2a: Fool|Foul Play|p1b: Dondozo\n|-damage|p1b: Dondozo|55\/100 par\n|move|p2b: PageKnight|Giga Drain|p1b: Dondozo\n|-supereffective|p1b: Dondozo\n|-damage|p1b: Dondozo|20\/100 par\n|move|p1b: Dondozo|Order Up|p2a: Fool\n|-damage|p2a: Fool|0 fnt\n|faint|p2a: Fool\n|-boost|p1b: Dondozo|atk|1\n|\n|-damage|p1b: Dondozo|7\/100 par|[from] Leech Seed|[of] p2b: PageKnight\n|upkeep\n|\n|t:|1682172240\n|switch|p2a: Abrams|Torkoal, L50, M, shiny|38\/100\n|-weather|SunnyDay|[from] ability: Drought|[of] p2a: Abrams\n|turn|13\n|\n|t:|1682172247\n|move|p2a: Abrams|Protect|p2a: Abrams\n|-singleturn|p2a: Abrams|Protect\n|move|p2b: PageKnight|Foul Play|p1b: Dondozo\n|-damage|p1b: Dondozo|0 fnt\n|faint|p1b: Dondozo\n|\n|-weather|SunnyDay|[upkeep]\n|upkeep\n|turn|14\n|\n|t:|1682172254\n|move|p2b: PageKnight|Leech Seed|p1a: Tatsugiri\n|-start|p1a: Tatsugiri|move: Leech Seed\n|move|p2a: Abrams|Heat Wave|p1a: Tatsugiri\n|-resisted|p1a: Tatsugiri\n|-damage|p1a: Tatsugiri|41\/100 par\n|move|p1a: Tatsugiri|Muddy Water|p2b: PageKnight|[spread] p2b\n|-miss|p1a: Tatsugiri|p2a: Abrams\n|-resisted|p2b: PageKnight\n|-damage|p2b: PageKnight|96\/100\n|\n|-weather|SunnyDay|[upkeep]\n|-damage|p1a: Tatsugiri|29\/100 par|[from] Leech Seed|[of] p2b: PageKnight\n|-heal|p2b: PageKnight|100\/100|[silent]\n|-sideend|p2: MistressQueenM|move: Tailwind\n|upkeep\n|turn|15\n|c|\u2606MistressQueenM|gg of ease\n|inactive|Rofus10 has 30 seconds left.\n|inactive|Rofus10 has 20 seconds left.\n|inactive|Rofus10 has 15 seconds left.\n|c|\u2606Rofus10|Ease? Lol. You needed infinite paralysis and missed attacks to have a chance lol\n|inactive|Rofus10 has 10 seconds left.\n|inactive|Rofus10 has 5 seconds left.\n|c|\u2606Rofus10|why be good when you can be lucky\n|\n|t:|1682172309\n|move|p2b: PageKnight|Giga Drain|p1a: Tatsugiri\n|-damage|p1a: Tatsugiri|7\/100 par\n|cant|p1a: Tatsugiri|par\n|move|p2a: Abrams|Clear Smog|p1a: Tatsugiri\n|-damage|p1a: Tatsugiri|0 fnt\n|-clearboost|p1a: Tatsugiri\n|faint|p1a: Tatsugiri\n|\n|win|MistressQueenM\n|raw|Rofus10's rating: 1299 → 1269<\/strong> (-30 for losing)\n|raw|MistressQueenM's rating: 1232 → 1262<\/strong> (+30 for winning)\n|c|\u2606MistressQueenM|yeah\n|c|\u2606MistressQueenM|go get your team from another smogon forum post\n|c|\u2606MistressQueenM|loser\n","uploadtime":1682172330,"views":7,"p1id":"rofus10","p2id":"mistressqueenm","formatid":"gen9vgc2023regulationc","rating":1262,"private":0,"password":""}