{"id":"smogtours-gen9vgc2023regulationc-692018","p1":"IBOIIII","p2":"SimsyBool","format":"[Gen 9] VGC 2023 Regulation C","log":"|inactive|Battle timer is ON: inactive players will automatically lose when time's up.\n|t:|1683859441\n|gametype|doubles\n|player|p1|IBOIIII|cyrus|\n|player|p2|SimsyBool|morty|\n|teamsize|p1|6\n|teamsize|p2|6\n|gen|9\n|tier|[Gen 9] VGC 2023 Regulation C\n|rule|Tera Type Preview: Tera Types are shown at Team Preview\n|rule|Species Clause: Limit one of each Pok\u00e9mon\n|rule|Item Clause: Limit one of each item\n|clearpoke\n|poke|p1|Dragonite, L50, M|\n|poke|p1|Raichu, L50, M|\n|poke|p1|Corviknight, L50, F|\n|poke|p1|Orthworm, L50, F|\n|poke|p1|Rotom-Wash, L50|\n|poke|p1|Iron Moth, L50|\n|poke|p2|Flutter Mane, L50|\n|poke|p2|Maushold-Four, L50|\n|poke|p2|Talonflame, L50, F|\n|poke|p2|Pawmot, L50, M|\n|poke|p2|Brute Bonnet, L50|\n|poke|p2|Grumpig, L50, F|\n|teampreview|4\n|raw|IBOIIII's Tera Types: \/ \/ \/ \/ \/ \n|raw|SimsyBool's Tera Types: \/ \/ \/ \/ \/ \n|inactive|IBOIIII has 60 seconds left.\n|inactive|SimsyBool has 60 seconds left.\n|inactive|SimsyBool has 30 seconds left.\n|inactive|SimsyBool has 20 seconds left.\n|inactive|SimsyBool has 15 seconds left.\n|inactive|SimsyBool has 10 seconds left.\n|\n|t:|1683859526\n|start\n|switch|p1a: Dragonite|Dragonite, L50, M|100\/100\n|switch|p1b: Orthworm|Orthworm, L50, F|100\/100\n|switch|p2a: Pawmot|Pawmot, L50, M|100\/100\n|switch|p2b: Brute Bonnet|Brute Bonnet, L50|100\/100\n|turn|1\n|inactive|IBOIIII has 30 seconds left.\n|inactive|SimsyBool has 30 seconds left.\n|inactive|SimsyBool has 20 seconds left.\n|inactive|IBOIIII has 20 seconds left.\n|inactive|SimsyBool has 15 seconds left.\n|\n|t:|1683859570\n|move|p2b: Brute Bonnet|Sucker Punch|p1a: Dragonite\n|-damage|p1a: Dragonite|68\/100\n|move|p2a: Pawmot|Ice Punch|p1a: Dragonite\n|-supereffective|p1a: Dragonite\n|-damage|p1a: Dragonite|0 fnt\n|faint|p1a: Dragonite\n|move|p1b: Orthworm|Shed Tail|p1b: Orthworm\n|-start|p1b: Orthworm|Substitute|[from] move: Shed Tail\n|-damage|p1b: Orthworm|50\/100\n|\n|t:|1683859581\n|switch|p1b: Iron Moth|Iron Moth, L50|100\/100|[from] Shed Tail\n|-enditem|p1b: Iron Moth|Booster Energy\n|-activate|p1b: Iron Moth|ability: Quark Drive|[fromitem]\n|-start|p1b: Iron Moth|quarkdrivespe\n|\n|upkeep\n|\n|t:|1683859584\n|switch|p1a: Raichu|Raichu, L50, M|100\/100\n|turn|2\n|inactive|SimsyBool has 30 seconds left.\n|\n|t:|1683859617\n|move|p1a: Raichu|Fake Out|p2b: Brute Bonnet\n|-damage|p2b: Brute Bonnet|92\/100\n|move|p2b: Brute Bonnet|Sucker Punch|p1b: Iron Moth\n|-end|p1b: Iron Moth|Substitute\n|move|p1b: Iron Moth|Heat Wave|p2a: Pawmot|[spread] p2a,p2b\n|-supereffective|p2b: Brute Bonnet\n|-damage|p2a: Pawmot|37\/100\n|-damage|p2b: Brute Bonnet|29\/100\n|move|p2a: Pawmot|Ice Punch|p1a: Raichu\n|-damage|p1a: Raichu|45\/100\n|-status|p1a: Raichu|frz\n|\n|upkeep\n|turn|3\n|c|\u2606SimsyBool|sry\n|inactive|SimsyBool has 30 seconds left.\n|\n|t:|1683859644\n|move|p2b: Brute Bonnet|Sucker Punch|p1b: Iron Moth\n|-damage|p1b: Iron Moth|44\/100\n|move|p1b: Iron Moth|Heat Wave|p2a: Pawmot|[spread] p2a,p2b\n|-supereffective|p2b: Brute Bonnet\n|-damage|p2a: Pawmot|0 fnt\n|-damage|p2b: Brute Bonnet|0 fnt\n|faint|p2a: Pawmot\n|faint|p2b: Brute Bonnet\n|-end|p2b: Brute Bonnet|Protosynthesis|[silent]\n|cant|p1a: Raichu|frz\n|\n|upkeep\n|\n|t:|1683859653\n|switch|p2a: Flutter Mane|Flutter Mane, L50|100\/100\n|switch|p2b: Talonflame|Talonflame, L50, F|100\/100\n|turn|4\n|\n|t:|1683859672\n|-terastallize|p1b: Iron Moth|Flying\n|-terastallize|p2a: Flutter Mane|Fire\n|move|p1b: Iron Moth|Heat Wave|p2a: Flutter Mane|[spread] p2a,p2b\n|-resisted|p2a: Flutter Mane\n|-resisted|p2b: Talonflame\n|-damage|p2a: Flutter Mane|82\/100\n|-damage|p2b: Talonflame|76\/100\n|move|p2b: Talonflame|Flare Blitz|p1a: Raichu\n|-damage|p1a: Raichu|3\/100 frz\n|-curestatus|p1a: Raichu|frz|[msg]\n|-damage|p2b: Talonflame|63\/100|[from] Recoil\n|move|p2a: Flutter Mane|Shadow Ball|p1b: Iron Moth\n|-damage|p1b: Iron Moth|0 fnt\n|faint|p1b: Iron Moth\n|-end|p1b: Iron Moth|Quark Drive|[silent]\n|move|p1a: Raichu|Nuzzle|p2b: Talonflame\n|-supereffective|p2b: Talonflame\n|-damage|p2b: Talonflame|46\/100\n|-status|p2b: Talonflame|par\n|-status|p1a: Raichu|brn|[from] ability: Flame Body|[of] p2b: Talonflame\n|-enditem|p2b: Talonflame|Sitrus Berry|[eat]\n|-heal|p2b: Talonflame|71\/100 par|[from] item: Sitrus Berry\n|\n|-damage|p1a: Raichu|0 fnt|[from] brn\n|faint|p1a: Raichu\n|upkeep\n|\n|t:|1683859682\n|switch|p1b: Orthworm|Orthworm, L50, F|50\/100\n|turn|5\n|\n|t:|1683859699\n|move|p2a: Flutter Mane|Shadow Ball|p1b: Orthworm\n|-damage|p1b: Orthworm|0 fnt\n|faint|p1b: Orthworm\n|\n|win|SimsyBool\n|c|\u2606SimsyBool|ill save replay, you send next chal\n|c|\u2606IBOIIII|okay\n|player|p2|SimsyBool|morty\n","uploadtime":1683859701,"views":16,"p1id":"iboiiii","p2id":"simsybool","formatid":"gen9vgc2023regulationc","rating":0,"private":0,"password":""}