{"id":"smogtours-gen9vgc2023regulationc-692053","p1":"DiamondScyther","p2":"snackard","format":"[Gen 9] VGC 2023 Regulation C","log":"|inactive|Battle timer is ON: inactive players will automatically lose when time's up.\n|t:|1683918432\n|gametype|doubles\n|player|p1|DiamondScyther|iris-gen5bw2|\n|player|p2|snackard|sailor|\n|teamsize|p1|6\n|teamsize|p2|6\n|gen|9\n|tier|[Gen 9] VGC 2023 Regulation C\n|rule|Tera Type Preview: Tera Types are shown at Team Preview\n|rule|Species Clause: Limit one of each Pok\u00e9mon\n|rule|Item Clause: Limit one of each item\n|clearpoke\n|poke|p1|Slaking, L50, F|\n|poke|p1|Grafaiai, L50, F|\n|poke|p1|Azumarill, L50, M|\n|poke|p1|Baxcalibur, L50, M|\n|poke|p1|Vivillon, L50, F|\n|poke|p1|Arcanine, L50, M|\n|poke|p2|Dragapult, L50, M|\n|poke|p2|Rotom-Wash, L50|\n|poke|p2|Amoonguss, L50, M|\n|poke|p2|Krookodile, L50, F|\n|poke|p2|Scizor, L50, F|\n|poke|p2|Sylveon, L50, M|\n|teampreview|4\n|raw|DiamondScyther's Tera Types: \/ \/ \/ \/ \/ \n|raw|snackard's Tera Types: \/ \/ \/ \/ \/ \n|inactive|DiamondScyther also wants the timer to be on.\n|inactive|DiamondScyther no longer wants the timer on, but the timer is staying on because staff still does.\n|c|\u2606snackard|gl hf!\n|c|\u2606DiamondScyther|gl hf!\n|inactive|DiamondScyther has 60 seconds left.\n|inactive|snackard has 60 seconds left.\n|\n|t:|1683918481\n|start\n|switch|p1a: Slaking|Slaking, L50, F|100\/100\n|switch|p1b: Grafaiai|Grafaiai, L50, F|100\/100\n|switch|p2a: Amoonguss|Amoonguss, L50, M|100\/100\n|switch|p2b: Scizor|Scizor, L50, F|100\/100\n|turn|1\n|\n|t:|1683918502\n|move|p1b: Grafaiai|Doodle|p2a: Amoonguss\n|-endability|p1a: Slaking|Truant|[from] move: Doodle\n|-ability|p1a: Slaking|Regenerator|[from] move: Doodle\n|-endability|p1b: Grafaiai|Prankster|[from] move: Doodle\n|-ability|p1b: Grafaiai|Regenerator|[from] move: Doodle\n|move|p1a: Slaking|Bulk Up|p1a: Slaking\n|-boost|p1a: Slaking|atk|1\n|-boost|p1a: Slaking|def|1\n|move|p2b: Scizor|U-turn|p1a: Slaking\n|-damage|p1a: Slaking|81\/100\n|\n|t:|1683918514\n|switch|p2b: Dragapult|Dragapult, L50, M|100\/100|[from] U-turn\n|move|p2a: Amoonguss|Spore|p1a: Slaking\n|-status|p1a: Slaking|slp|[from] move: Spore\n|\n|upkeep\n|turn|2\n|\n|t:|1683918533\n|move|p2b: Dragapult|Dragon Darts|p1a: Slaking\n|-damage|p1a: Slaking|64\/100 slp\n|-anim|p2b: Dragapult|Dragon Darts|p1b: Grafaiai\n|-crit|p1b: Grafaiai\n|-damage|p1b: Grafaiai|20\/100\n|move|p1b: Grafaiai|Knock Off|p2b: Dragapult\n|-supereffective|p2b: Dragapult\n|-damage|p2b: Dragapult|31\/100\n|-enditem|p2b: Dragapult|Choice Band|[from] move: Knock Off|[of] p1b: Grafaiai\n|cant|p1a: Slaking|slp\n|move|p2a: Amoonguss|Pollen Puff|p1a: Slaking\n|-damage|p1a: Slaking|45\/100 slp\n|\n|upkeep\n|turn|3\n|inactive|DiamondScyther has 30 seconds left.\n|inactive|DiamondScyther has 20 seconds left.\n|inactive|DiamondScyther has 15 seconds left.\n|\n|t:|1683918575\n|move|p2b: Dragapult|Dragon Darts|p1b: Grafaiai\n|-damage|p1b: Grafaiai|0 fnt\n|-anim|p2b: Dragapult|Dragon Darts|p1a: Slaking\n|-damage|p1a: Slaking|33\/100 slp\n|faint|p1b: Grafaiai\n|cant|p1a: Slaking|slp\n|move|p2a: Amoonguss|Pollen Puff|p2b: Dragapult\n|-heal|p2b: Dragapult|80\/100\n|\n|upkeep\n|\n|t:|1683918590\n|switch|p1b: Arcanine|Arcanine, L50, M|100\/100\n|-ability|p1b: Arcanine|Intimidate|boost\n|-unboost|p2a: Amoonguss|atk|1\n|-fail|p2b: Dragapult|unboost|[from] ability: Clear Body|[of] p2b: Dragapult\n|turn|4\n|\n|t:|1683918607\n|switch|p2a: Krookodile|Krookodile, L50, F|100\/100\n|-ability|p2a: Krookodile|Intimidate|boost\n|-fail|p1a: Slaking|unboost|[from] item: Clear Amulet|[of] p1a: Slaking\n|-unboost|p1b: Arcanine|atk|1\n|move|p2b: Dragapult|Dragon Darts|p1a: Slaking\n|-damage|p1a: Slaking|20\/100 slp\n|-anim|p2b: Dragapult|Dragon Darts|p1b: Arcanine\n|-damage|p1b: Arcanine|64\/100\n|move|p1b: Arcanine|Flare Blitz|p2a: Krookodile\n|-damage|p2a: Krookodile|56\/100\n|-damage|p1b: Arcanine|49\/100|[from] Recoil\n|-enditem|p1b: Arcanine|Sitrus Berry|[eat]\n|-heal|p1b: Arcanine|74\/100|[from] item: Sitrus Berry\n|cant|p1a: Slaking|slp\n|\n|upkeep\n|turn|5\n|inactive|DiamondScyther has 30 seconds left.\n|\n|t:|1683918640\n|switch|p1b: Azumarill|Azumarill, L50, M|100\/100\n|move|p2b: Dragapult|Dragon Darts|p1a: Slaking\n|-crit|p1a: Slaking\n|-damage|p1a: Slaking|0 fnt\n|faint|p1a: Slaking\n|move|p2a: Krookodile|Rock Slide|p1b: Azumarill\n|-damage|p1b: Azumarill|73\/100\n|\n|upkeep\n|\n|t:|1683918644\n|switch|p1a: Arcanine|Arcanine, L50, M|74\/100\n|-ability|p1a: Arcanine|Intimidate|boost\n|-unboost|p2a: Krookodile|atk|1\n|-fail|p2b: Dragapult|unboost|[from] ability: Clear Body|[of] p2b: Dragapult\n|turn|6\n|inactive|snackard has 30 seconds left.\n|\n|t:|1683918670\n|move|p2a: Krookodile|Protect|p2a: Krookodile\n|-singleturn|p2a: Krookodile|Protect\n|move|p2b: Dragapult|U-turn|p1b: Azumarill\n|-resisted|p1b: Azumarill\n|-damage|p1b: Azumarill|62\/100\n|\n|t:|1683918675\n|switch|p2b: Amoonguss|Amoonguss, L50, M|100\/100|[from] U-turn\n|move|p1a: Arcanine|Flare Blitz|p2a: Krookodile\n|-activate|p2a: Krookodile|move: Protect\n|move|p1b: Azumarill|Ice Spinner|p2b: Amoonguss\n|-supereffective|p2b: Amoonguss\n|-damage|p2b: Amoonguss|43\/100\n|-enditem|p2b: Amoonguss|Sitrus Berry|[eat]\n|-heal|p2b: Amoonguss|67\/100|[from] item: Sitrus Berry\n|\n|upkeep\n|turn|7\n|\n|t:|1683918698\n|-terastallize|p1b: Azumarill|Water\n|move|p1b: Azumarill|Aqua Jet|p2a: Krookodile\n|-supereffective|p2a: Krookodile\n|-damage|p2a: Krookodile|0 fnt\n|faint|p2a: Krookodile\n|move|p1a: Arcanine|Flare Blitz|p2b: Amoonguss\n|-supereffective|p2b: Amoonguss\n|-damage|p2b: Amoonguss|0 fnt\n|faint|p2b: Amoonguss\n|-damage|p1a: Arcanine|44\/100|[from] Recoil\n|\n|upkeep\n|\n|t:|1683918709\n|switch|p2a: Scizor|Scizor, L50, F|100\/100\n|switch|p2b: Dragapult|Dragapult, L50, M|80\/100\n|turn|8\n|\n|t:|1683918732\n|-terastallize|p2b: Dragapult|Steel\n|move|p2b: Dragapult|Dragon Darts|p1a: Arcanine\n|-damage|p1a: Arcanine|7\/100\n|-anim|p2b: Dragapult|Dragon Darts|p1b: Azumarill\n|-damage|p1b: Azumarill|39\/100\n|move|p1a: Arcanine|Flare Blitz|p2b: Dragapult\n|-supereffective|p2b: Dragapult\n|-damage|p2b: Dragapult|0 fnt\n|faint|p2b: Dragapult\n|-damage|p1a: Arcanine|0 fnt|[from] Recoil\n|faint|p1a: Arcanine\n|move|p2a: Scizor|Close Combat|p1b: Azumarill\n|-damage|p1b: Azumarill|0 fnt\n|-unboost|p2a: Scizor|def|1\n|-unboost|p2a: Scizor|spd|1\n|faint|p1b: Azumarill\n|\n|win|snackard\n|c|\u2606DiamondScyther|gg\n|c|\u2606snackard|gg\n","uploadtime":1683918733,"views":12,"p1id":"diamondscyther","p2id":"snackard","formatid":"gen9vgc2023regulationc","rating":0,"private":0,"password":""}