{"id":"smogtours-gen9vgc2023regulationc-692020","p1":"IBOIIII","p2":"SimsyBool","format":"[Gen 9] VGC 2023 Regulation C","log":"|inactive|Battle timer is ON: inactive players will automatically lose when time's up.\n|t:|1683860120\n|gametype|doubles\n|player|p1|IBOIIII|cyrus|\n|player|p2|SimsyBool|morty|\n|teamsize|p1|6\n|teamsize|p2|6\n|gen|9\n|tier|[Gen 9] VGC 2023 Regulation C\n|rule|Tera Type Preview: Tera Types are shown at Team Preview\n|rule|Species Clause: Limit one of each Pok\u00e9mon\n|rule|Item Clause: Limit one of each item\n|clearpoke\n|poke|p1|Dragonite, L50, M|\n|poke|p1|Raichu, L50, F|\n|poke|p1|Corviknight, L50, F|\n|poke|p1|Orthworm, L50, M|\n|poke|p1|Rotom-Wash, L50|\n|poke|p1|Iron Moth, L50|\n|poke|p2|Flutter Mane, L50|\n|poke|p2|Maushold-Four, L50|\n|poke|p2|Talonflame, L50, F|\n|poke|p2|Pawmot, L50, F|\n|poke|p2|Brute Bonnet, L50|\n|poke|p2|Grumpig, L50, M|\n|teampreview|4\n|raw|IBOIIII's Tera Types: \/ \/ \/ \/ \/ \n|raw|SimsyBool's Tera Types: \/ \/ \/ \/ \/ \n|inactive|SimsyBool has 60 seconds left.\n|inactive|SimsyBool has 30 seconds left.\n|inactive|SimsyBool has 20 seconds left.\n|inactive|SimsyBool has 15 seconds left.\n|inactive|SimsyBool has 10 seconds left.\n|\n|t:|1683860201\n|start\n|switch|p1a: Dragonite|Dragonite, L50, M|100\/100\n|switch|p1b: Raichu|Raichu, L50, F|100\/100\n|switch|p2a: Pawmot|Pawmot, L50, F|100\/100\n|switch|p2b: Maushold|Maushold-Four, L50|100\/100\n|turn|1\n|\n|t:|1683860224\n|switch|p2a: Flutter Mane|Flutter Mane, L50|100\/100\n|-terastallize|p1b: Raichu|Flying\n|move|p1b: Raichu|Fake Out|p2a: Flutter Mane\n|-immune|p2a: Flutter Mane\n|move|p2b: Maushold|Super Fang|p1a: Dragonite\n|-damage|p1a: Dragonite|50\/100\n|move|p1a: Dragonite|Earthquake|p2a: Flutter Mane|[spread] p2a,p2b\n|-immune|p1b: Raichu\n|-damage|p2a: Flutter Mane|60\/100\n|-damage|p2b: Maushold|74\/100\n|-enditem|p2b: Maushold|Eject Button\n|\n|t:|1683860240\n|switch|p2b: Grumpig|Grumpig, L50, M|100\/100\n|\n|upkeep\n|turn|2\n|\n|t:|1683860253\n|switch|p1a: Rotom|Rotom-Wash, L50|100\/100\n|move|p2a: Flutter Mane|Shadow Ball|p1b: Raichu\n|-damage|p1b: Raichu|48\/100\n|move|p1b: Raichu|Nuzzle|p2a: Flutter Mane\n|-damage|p2a: Flutter Mane|47\/100\n|-status|p2a: Flutter Mane|par\n|move|p2b: Grumpig|Icy Wind|p1b: Raichu|[spread] p1a,p1b\n|-resisted|p1a: Rotom\n|-supereffective|p1b: Raichu\n|-damage|p1a: Rotom|96\/100\n|-damage|p1b: Raichu|34\/100\n|-unboost|p1a: Rotom|spe|1\n|-unboost|p1b: Raichu|spe|1\n|\n|upkeep\n|turn|3\n|\n|t:|1683860273\n|move|p2b: Grumpig|Icy Wind|p1a: Rotom|[spread] p1a,p1b\n|-resisted|p1a: Rotom\n|-supereffective|p1b: Raichu\n|-crit|p1b: Raichu\n|-damage|p1a: Rotom|92\/100\n|-damage|p1b: Raichu|10\/100\n|-unboost|p1a: Rotom|spe|1\n|-unboost|p1b: Raichu|spe|1\n|move|p2a: Flutter Mane|Shadow Ball|p1a: Rotom\n|-damage|p1a: Rotom|18\/100\n|-enditem|p1a: Rotom|Sitrus Berry|[eat]\n|-heal|p1a: Rotom|43\/100|[from] item: Sitrus Berry\n|move|p1b: Raichu|Volt Switch|p2a: Flutter Mane\n|-damage|p2a: Flutter Mane|24\/100 par\n|\n|t:|1683860289\n|switch|p1b: Iron Moth|Iron Moth, L50|100\/100|[from] Volt Switch\n|-enditem|p1b: Iron Moth|Booster Energy\n|-activate|p1b: Iron Moth|ability: Quark Drive|[fromitem]\n|-start|p1b: Iron Moth|quarkdrivespe\n|move|p1a: Rotom|Hydro Pump|p2a: Flutter Mane\n|-damage|p2a: Flutter Mane|0 fnt\n|faint|p2a: Flutter Mane\n|-end|p2a: Flutter Mane|Protosynthesis|[silent]\n|\n|upkeep\n|\n|t:|1683860299\n|switch|p2a: Maushold|Maushold-Four, L50|74\/100\n|turn|4\n|\n|t:|1683860314\n|move|p2a: Maushold|Helping Hand|p2b: Grumpig\n|-singleturn|p2b: Grumpig|Helping Hand|[of] p2a: Maushold\n|move|p1b: Iron Moth|Protect|p1b: Iron Moth\n|-singleturn|p1b: Iron Moth|Protect\n|move|p2b: Grumpig|Psyshock|p1b: Iron Moth\n|-activate|p1b: Iron Moth|move: Protect\n|move|p1a: Rotom|Hydro Pump|p2a: Maushold\n|-damage|p2a: Maushold|10\/100\n|\n|upkeep\n|turn|5\n|\n|t:|1683860330\n|move|p2a: Maushold|Helping Hand|p2b: Grumpig\n|-singleturn|p2b: Grumpig|Helping Hand|[of] p2a: Maushold\n|move|p1b: Iron Moth|Heat Wave|p2a: Maushold|[spread] p2a,p2b\n|-damage|p2a: Maushold|0 fnt\n|-damage|p2b: Grumpig|92\/100\n|faint|p2a: Maushold\n|move|p2b: Grumpig|Psyshock|p1b: Iron Moth\n|-supereffective|p1b: Iron Moth\n|-damage|p1b: Iron Moth|0 fnt\n|faint|p1b: Iron Moth\n|-end|p1b: Iron Moth|Quark Drive|[silent]\n|move|p1a: Rotom|Thunderbolt|p2b: Grumpig\n|-damage|p2b: Grumpig|67\/100\n|\n|upkeep\n|\n|t:|1683860346\n|switch|p1b: Dragonite|Dragonite, L50, M|50\/100\n|switch|p2a: Pawmot|Pawmot, L50, F|100\/100\n|turn|6\n|\n|t:|1683860368\n|switch|p1b: Raichu|Raichu, L50, F, tera:Flying|10\/100\n|-terastallize|p2a: Pawmot|Electric\n|move|p2a: Pawmot|Double Shock|p1b: Raichu\n|-ability|p1b: Raichu|Lightning Rod|boost\n|-boost|p1b: Raichu|spa|1\n|move|p2b: Grumpig|Icy Wind|p1a: Rotom|[spread] p1a,p1b\n|-resisted|p1a: Rotom\n|-supereffective|p1b: Raichu\n|-damage|p1a: Rotom|39\/100\n|-damage|p1b: Raichu|0 fnt\n|-unboost|p1a: Rotom|spe|1\n|faint|p1b: Raichu\n|move|p1a: Rotom|Will-O-Wisp|p2a: Pawmot\n|-status|p2a: Pawmot|brn\n|\n|-damage|p2a: Pawmot|94\/100 brn|[from] brn\n|upkeep\n|\n|t:|1683860386\n|switch|p1b: Dragonite|Dragonite, L50, M|50\/100\n|turn|7\n|\n|t:|1683860394\n|move|p2a: Pawmot|Double Shock|p1a: Rotom\n|-damage|p1a: Rotom|0 fnt\n|-start|p2a: Pawmot|typechange|Electric|[from] move: Double Shock\n|faint|p1a: Rotom\n|move|p1b: Dragonite|Earthquake|p2a: Pawmot|[spread] p2a,p2b\n|-supereffective|p2a: Pawmot\n|-damage|p2a: Pawmot|0 fnt\n|-damage|p2b: Grumpig|42\/100\n|faint|p2a: Pawmot\n|move|p2b: Grumpig|Icy Wind|p1b: Dragonite\n|-supereffective|p1b: Dragonite\n|-damage|p1b: Dragonite|6\/100\n|-unboost|p1b: Dragonite|spe|1\n|\n|upkeep\n|turn|8\n|\n|t:|1683860419\n|move|p2b: Grumpig|Icy Wind|p1b: Dragonite\n|-supereffective|p1b: Dragonite\n|-damage|p1b: Dragonite|0 fnt\n|faint|p1b: Dragonite\n|\n|win|SimsyBool\n|c|\u2606SimsyBool|gg\n|c|\u2606IBOIIII|gg\n","uploadtime":1683860420,"views":18,"p1id":"iboiiii","p2id":"simsybool","formatid":"gen9vgc2023regulationc","rating":0,"private":0,"password":""}