{"id":"smogtours-gen9vgc2023regulationc-692118","p1":"DiamondScyther","p2":"CbuttyVGC","format":"[Gen 9] VGC 2023 Regulation C","log":"|inactive|Battle timer is ON: inactive players will automatically lose when time's up.\n|t:|1683979043\n|gametype|doubles\n|player|p1|DiamondScyther|iris-gen5bw2|\n|player|p2|CbuttyVGC|acetrainer-gen4dp|\n|teamsize|p1|6\n|teamsize|p2|6\n|gen|9\n|tier|[Gen 9] VGC 2023 Regulation C\n|rule|Tera Type Preview: Tera Types are shown at Team Preview\n|rule|Species Clause: Limit one of each Pok\u00e9mon\n|rule|Item Clause: Limit one of each item\n|clearpoke\n|poke|p1|Azumarill, L50, F|\n|poke|p1|Baxcalibur, L50, M|\n|poke|p1|Vivillon, L50, F|\n|poke|p1|Arcanine, L50, F|\n|poke|p1|Hariyama, L50, M|\n|poke|p1|Foongus, L50, M|\n|poke|p2|Chien-Pao, L50|\n|poke|p2|Dragapult, L50, F|\n|poke|p2|Farigiraf, L50, M|\n|poke|p2|Venomoth, L50, M|\n|poke|p2|Azumarill, L50, F|\n|poke|p2|Bombirdier, L50, M|\n|teampreview|4\n|raw|DiamondScyther's Tera Types: \/ \/ \/ \/ \/ \n|raw|CbuttyVGC's Tera Types: \/ \/ \/ \/ \/ \n|inactive|DiamondScyther also wants the timer to be on.\n|inactive|CbuttyVGC also wants the timer to be on.\n|inactive|DiamondScyther has 60 seconds left.\n|inactive|CbuttyVGC has 60 seconds left.\n|c|\u2606CbuttyVGC|I don't think we can have all 3 open cuz of the automatic timer\n|c|\u2606DiamondScyther|yeah i guess not \n|c|\u2606DiamondScyther|all good\n|inactive|DiamondScyther has 30 seconds left.\n|inactive|CbuttyVGC has 30 seconds left.\n|c|\u2606DiamondScyther|gl hf\n|inactive|DiamondScyther has 20 seconds left.\n|inactive|CbuttyVGC has 20 seconds left.\n|inactive|CbuttyVGC has 15 seconds left.\n|\n|t:|1683979123\n|start\n|switch|p1a: Baxcalibur|Baxcalibur, L50, M|100\/100\n|switch|p1b: Hariyama|Hariyama, L50, M|100\/100\n|switch|p2a: Chien-Pao|Chien-Pao, L50|100\/100\n|switch|p2b: Dragapult|Dragapult, L50, F|100\/100\n|-ability|p2a: Chien-Pao|Sword of Ruin\n|turn|1\n|inactive|DiamondScyther has 30 seconds left.\n|\n|t:|1683979157\n|switch|p2b: Azumarill|Azumarill, L50, F|100\/100\n|move|p2a: Chien-Pao|Protect|p2a: Chien-Pao\n|-singleturn|p2a: Chien-Pao|Protect\n|move|p1a: Baxcalibur|Dragon Dance|p1a: Baxcalibur\n|-boost|p1a: Baxcalibur|atk|1\n|-boost|p1a: Baxcalibur|spe|1\n|move|p1b: Hariyama|Knock Off|p2b: Azumarill\n|-resisted|p2b: Azumarill\n|-damage|p2b: Azumarill|76\/100\n|-enditem|p2b: Azumarill|Assault Vest|[from] move: Knock Off|[of] p1b: Hariyama\n|\n|-status|p1b: Hariyama|brn|[from] item: Flame Orb\n|upkeep\n|turn|2\n|inactive|DiamondScyther has 30 seconds left.\n|inactive|CbuttyVGC has 30 seconds left.\n|inactive|DiamondScyther has 20 seconds left.\n|inactive|CbuttyVGC has 20 seconds left.\n|inactive|DiamondScyther has 15 seconds left.\n|\n|t:|1683979198\n|-terastallize|p1a: Baxcalibur|Steel\n|-terastallize|p2a: Chien-Pao|Ghost\n|move|p1a: Baxcalibur|Iron Head|p2b: Azumarill\n|-damage|p2b: Azumarill|0 fnt\n|faint|p2b: Azumarill\n|move|p2a: Chien-Pao|Throat Chop|p1a: Baxcalibur\n|-damage|p1a: Baxcalibur|43\/100\n|-start|p1a: Baxcalibur|Throat Chop|[silent]\n|move|p1b: Hariyama|Drain Punch|p2a: Chien-Pao\n|-immune|p2a: Chien-Pao\n|\n|-damage|p1b: Hariyama|95\/100 brn|[from] brn\n|upkeep\n|\n|t:|1683979211\n|switch|p2b: Venomoth|Venomoth, L50, M|100\/100\n|turn|3\n|\n|t:|1683979229\n|move|p2b: Venomoth|Rage Powder|p2b: Venomoth\n|-singleturn|p2b: Venomoth|move: Rage Powder\n|move|p1a: Baxcalibur|Glaive Rush|p2b: Venomoth\n|-damage|p2b: Venomoth|0 fnt\n|-singlemove|p1a: Baxcalibur|Glaive Rush|[silent]\n|faint|p2b: Venomoth\n|move|p2a: Chien-Pao|Ice Spinner|p1b: Hariyama\n|-damage|p1b: Hariyama|42\/100 brn\n|move|p1b: Hariyama|Knock Off|p2a: Chien-Pao\n|-supereffective|p2a: Chien-Pao\n|-enditem|p2a: Chien-Pao|Focus Sash\n|-damage|p2a: Chien-Pao|1\/100\n|\n|-damage|p1b: Hariyama|36\/100 brn|[from] brn\n|-end|p1a: Baxcalibur|Throat Chop|[silent]\n|upkeep\n|\n|t:|1683979233\n|switch|p2b: Dragapult|Dragapult, L50, F|100\/100\n|turn|4\n|\n|t:|1683979242\n|move|p1a: Baxcalibur|Protect|p1a: Baxcalibur\n|-singleturn|p1a: Baxcalibur|Protect\n|move|p2a: Chien-Pao|Protect|p2a: Chien-Pao\n|-singleturn|p2a: Chien-Pao|Protect\n|move|p2b: Dragapult|Phantom Force||[still]\n|-prepare|p2b: Dragapult|Phantom Force\n|move|p1b: Hariyama|Knock Off|p2b: Dragapult|[miss]\n|-miss|p1b: Hariyama|p2b: Dragapult\n|\n|-damage|p1b: Hariyama|30\/100 brn|[from] brn\n|upkeep\n|turn|5\n|\n|t:|1683979263\n|move|p1a: Baxcalibur|Glaive Rush|p2b: Dragapult|[miss]\n|-miss|p1a: Baxcalibur|p2b: Dragapult\n|move|p2b: Dragapult|Phantom Force|p1a: Baxcalibur|[from]lockedmove\n|-damage|p1a: Baxcalibur|0 fnt\n|faint|p1a: Baxcalibur\n|move|p2a: Chien-Pao|Ice Spinner|p1b: Hariyama\n|-damage|p1b: Hariyama|0 fnt\n|faint|p1b: Hariyama\n|\n|upkeep\n|\n|t:|1683979272\n|switch|p1a: Azumarill|Azumarill, L50, F|100\/100\n|switch|p1b: Arcanine|Arcanine, L50, F|100\/100\n|-ability|p1b: Arcanine|Intimidate|boost\n|-unboost|p2a: Chien-Pao|atk|1\n|-fail|p2b: Dragapult|unboost|[from] ability: Clear Body|[of] p2b: Dragapult\n|turn|6\n|\n|t:|1683979290\n|move|p1a: Azumarill|Aqua Jet|p2a: Chien-Pao\n|-damage|p2a: Chien-Pao|0 fnt\n|faint|p2a: Chien-Pao\n|move|p2b: Dragapult|Phantom Force||[still]\n|-prepare|p2b: Dragapult|Phantom Force\n|move|p1b: Arcanine|Flare Blitz|p2b: Dragapult|[miss]\n|-miss|p1b: Arcanine|p2b: Dragapult\n|\n|upkeep\n|turn|7\n|\n|t:|1683979303\n|move|p2b: Dragapult|Phantom Force|p1a: Azumarill|[from]lockedmove\n|-damage|p1a: Azumarill|29\/100\n|move|p1b: Arcanine|Will-O-Wisp|p2b: Dragapult\n|-status|p2b: Dragapult|brn\n|move|p1a: Azumarill|Play Rough|p2b: Dragapult\n|-supereffective|p2b: Dragapult\n|-damage|p2b: Dragapult|0 fnt\n|faint|p2b: Dragapult\n|\n|win|DiamondScyther\n|c|\u2606DiamondScyther|gg\n|c|\u2606CbuttyVGC|Gg\n","uploadtime":1683979304,"views":20,"p1id":"diamondscyther","p2id":"cbuttyvgc","formatid":"gen9vgc2023regulationc","rating":0,"private":0,"password":""}