{"id":"smogtours-gen9vgc2023regulationc-692019","p1":"IBOIIII","p2":"SimsyBool","format":"[Gen 9] VGC 2023 Regulation C","log":"|inactive|Battle timer is ON: inactive players will automatically lose when time's up.\n|t:|1683859798\n|gametype|doubles\n|player|p1|IBOIIII|cyrus|\n|player|p2|SimsyBool|morty|\n|teamsize|p1|6\n|teamsize|p2|6\n|gen|9\n|tier|[Gen 9] VGC 2023 Regulation C\n|rule|Tera Type Preview: Tera Types are shown at Team Preview\n|rule|Species Clause: Limit one of each Pok\u00e9mon\n|rule|Item Clause: Limit one of each item\n|clearpoke\n|poke|p1|Dragonite, L50, M|\n|poke|p1|Raichu, L50, M|\n|poke|p1|Corviknight, L50, F|\n|poke|p1|Orthworm, L50, F|\n|poke|p1|Rotom-Wash, L50|\n|poke|p1|Iron Moth, L50|\n|poke|p2|Flutter Mane, L50|\n|poke|p2|Maushold-Four, L50|\n|poke|p2|Talonflame, L50, F|\n|poke|p2|Pawmot, L50, M|\n|poke|p2|Brute Bonnet, L50|\n|poke|p2|Grumpig, L50, F|\n|teampreview|4\n|raw|IBOIIII's Tera Types: \/ \/ \/ \/ \/ \n|raw|SimsyBool's Tera Types: \/ \/ \/ \/ \/ \n|inactive|SimsyBool has 60 seconds left.\n|\n|t:|1683859853\n|start\n|switch|p1a: Dragonite|Dragonite, L50, M|100\/100\n|switch|p1b: Orthworm|Orthworm, L50, F|100\/100\n|switch|p2a: Maushold|Maushold-Four, L50|100\/100\n|switch|p2b: Pawmot|Pawmot, L50, M|100\/100\n|turn|1\n|inactive|SimsyBool has 30 seconds left.\n|\n|t:|1683859882\n|-terastallize|p1a: Dragonite|Normal\n|move|p2a: Maushold|Helping Hand|p2b: Pawmot\n|-singleturn|p2b: Pawmot|Helping Hand|[of] p2a: Maushold\n|move|p2b: Pawmot|Close Combat|p1a: Dragonite\n|-supereffective|p1a: Dragonite\n|-damage|p1a: Dragonite|0 fnt\n|-unboost|p2b: Pawmot|def|1\n|-unboost|p2b: Pawmot|spd|1\n|faint|p1a: Dragonite\n|move|p1b: Orthworm|Shed Tail|p1b: Orthworm\n|-start|p1b: Orthworm|Substitute|[from] move: Shed Tail\n|-damage|p1b: Orthworm|50\/100\n|inactive|IBOIIII has 30 seconds left.\n|inactive|IBOIIII has 20 seconds left.\n|inactive|IBOIIII has 15 seconds left.\n|\n|t:|1683859927\n|switch|p1b: Iron Moth|Iron Moth, L50|100\/100|[from] Shed Tail\n|-enditem|p1b: Iron Moth|Booster Energy\n|-activate|p1b: Iron Moth|ability: Quark Drive|[fromitem]\n|-start|p1b: Iron Moth|quarkdrivespe\n|\n|upkeep\n|\n|t:|1683859931\n|switch|p1a: Rotom|Rotom-Wash, L50|100\/100\n|turn|2\n|\n|t:|1683859946\n|switch|p2b: Flutter Mane|Flutter Mane, L50|100\/100\n|move|p1b: Iron Moth|Heat Wave|p2b: Flutter Mane|[spread] p2a,p2b\n|-crit|p2a: Maushold\n|-damage|p2a: Maushold|39\/100\n|-damage|p2b: Flutter Mane|76\/100\n|-status|p2a: Maushold|brn\n|-enditem|p2a: Maushold|Eject Button\n|\n|t:|1683859956\n|switch|p2a: Pawmot|Pawmot, L50, M|100\/100\n|move|p1a: Rotom|Hydro Pump|p2b: Flutter Mane\n|-damage|p2b: Flutter Mane|23\/100\n|\n|upkeep\n|turn|3\n|\n|t:|1683859972\n|-terastallize|p2a: Pawmot|Electric\n|move|p1b: Iron Moth|Heat Wave|p2a: Pawmot|[spread] p2a\n|-miss|p1b: Iron Moth|p2b: Flutter Mane\n|-damage|p2a: Pawmot|38\/100\n|move|p2b: Flutter Mane|Psyshock|p1b: Iron Moth\n|-supereffective|p1b: Iron Moth\n|-crit|p1b: Iron Moth\n|-end|p1b: Iron Moth|Substitute\n|move|p2a: Pawmot|Double Shock|p1a: Rotom\n|-damage|p1a: Rotom|0 fnt\n|-start|p2a: Pawmot|typechange|Electric|[from] move: Double Shock\n|faint|p1a: Rotom\n|\n|upkeep\n|\n|t:|1683859991\n|switch|p1a: Orthworm|Orthworm, L50, F|50\/100\n|turn|4\n|\n|t:|1683860013\n|move|p1b: Iron Moth|Heat Wave|p2a: Pawmot|[spread] p2a,p2b\n|-damage|p2a: Pawmot|0 fnt\n|-damage|p2b: Flutter Mane|0 fnt\n|faint|p2a: Pawmot\n|faint|p2b: Flutter Mane\n|-end|p2b: Flutter Mane|Protosynthesis|[silent]\n|move|p1a: Orthworm|Iron Defense|p1a: Orthworm\n|-boost|p1a: Orthworm|def|2\n|\n|upkeep\n|\n|t:|1683860020\n|switch|p2b: Maushold|Maushold-Four, L50|39\/100 brn\n|switch|p2a: Brute Bonnet|Brute Bonnet, L50|100\/100\n|turn|5\n|\n|t:|1683860037\n|move|p1b: Iron Moth|Heat Wave|p2b: Maushold|[spread] p2a\n|-miss|p1b: Iron Moth|p2b: Maushold\n|-supereffective|p2a: Brute Bonnet\n|-damage|p2a: Brute Bonnet|53\/100\n|move|p2b: Maushold|Super Fang|p1a: Orthworm\n|-damage|p1a: Orthworm|25\/100\n|move|p1a: Orthworm|Body Press|p2a: Brute Bonnet\n|-supereffective|p2a: Brute Bonnet\n|-damage|p2a: Brute Bonnet|0 fnt\n|faint|p2a: Brute Bonnet\n|-end|p2a: Brute Bonnet|Protosynthesis|[silent]\n|\n|-damage|p2b: Maushold|33\/100 brn|[from] brn\n|upkeep\n|turn|6\n|\n|t:|1683860053\n|move|p1b: Iron Moth|Air Slash|p2b: Maushold\n|-damage|p2b: Maushold|0 fnt\n|faint|p2b: Maushold\n|\n|win|IBOIIII\n","uploadtime":1683860055,"views":20,"p1id":"iboiiii","p2id":"simsybool","formatid":"gen9vgc2023regulationc","rating":0,"private":0,"password":""}