{"id":"smogtours-gen9vgc2023regulationc-692434","p1":"jerseyjared","p2":"DeltaWarrior4","format":"[Gen 9] VGC 2023 Regulation C","log":"|inactive|Battle timer is ON: inactive players will automatically lose when time's up.\n|t:|1684089728\n|gametype|doubles\n|player|p1|jerseyjared|170|\n|player|p2|DeltaWarrior4|zinnia|\n|teamsize|p1|6\n|teamsize|p2|6\n|gen|9\n|tier|[Gen 9] VGC 2023 Regulation C\n|rule|Tera Type Preview: Tera Types are shown at Team Preview\n|rule|Species Clause: Limit one of each Pok\u00e9mon\n|rule|Item Clause: Limit one of each item\n|clearpoke\n|poke|p1|Chien-Pao, L50|\n|poke|p1|Torkoal, L50, M|\n|poke|p1|Great Tusk, L50|\n|poke|p1|Lumineon, L50, F|\n|poke|p1|Lilligant, L50, F|\n|poke|p1|Hariyama, L50, F|\n|poke|p2|Volcarona, L50, F|\n|poke|p2|Palafin, L50, M|\n|poke|p2|Pelipper, L50, M|\n|poke|p2|Scream Tail, L50|\n|poke|p2|Tauros-Paldea-Combat, L50, M|\n|poke|p2|Toedscruel, L50, F|\n|teampreview|4\n|raw|jerseyjared's Tera Types: \/ \/ \/ \/ \/ \n|raw|DeltaWarrior4's Tera Types: \/ \/ \/ \/ \/ \nDeltaWarrior4 rejected open team sheets.\n|c|\u2606jerseyjared|my bad before\n|c|\u2606DeltaWarrior4|you have to open all three games too\n|c|\u2606DeltaWarrior4|to verify their the same team everytime\n|c|\u2606DeltaWarrior4|its all good dw\n|inactive|jerseyjared has 60 seconds left.\n|inactive|DeltaWarrior4 has 60 seconds left.\n|c|\u2606jerseyjared|thanks\n|inactive|jerseyjared has 30 seconds left.\n|inactive|DeltaWarrior4 has 30 seconds left.\n|inactive|DeltaWarrior4 has 20 seconds left.\n|\n|t:|1684089801\n|start\n|switch|p1a: Chien-Pao|Chien-Pao, L50|100\/100\n|switch|p1b: Hariyama|Hariyama, L50, F|100\/100\n|switch|p2a: Palafin|Palafin, L50, M|100\/100\n|switch|p2b: Volcarona|Volcarona, L50, F|100\/100\n|-ability|p1a: Chien-Pao|Sword of Ruin\n|turn|1\n|c|+Concept Everything|Don\u2019t play on smogtours for the draft\n|inactive|jerseyjared has 30 seconds left.\n|inactive|DeltaWarrior4 has 30 seconds left.\n|inactive|jerseyjared has 20 seconds left.\n|inactive|jerseyjared has 15 seconds left.\n|inactive|jerseyjared has 10 seconds left.\n|\n|t:|1684089847\n|detailschange|p2a: Palafin|Palafin-Hero, L50, M\n|switch|p2a: Pelipper|Pelipper, L50, M|100\/100\n|-weather|RainDance|[from] ability: Drizzle|[of] p2a: Pelipper\n|move|p1a: Chien-Pao|Ice Spinner|p2a: Pelipper\n|-damage|p2a: Pelipper|44\/100\n|move|p2b: Volcarona|Quiver Dance|p2b: Volcarona\n|-boost|p2b: Volcarona|spa|1\n|-boost|p2b: Volcarona|spd|1\n|-boost|p2b: Volcarona|spe|1\n|move|p1b: Hariyama|Rock Slide|p2b: Volcarona|[spread] p2a,p2b\n|-supereffective|p2a: Pelipper\n|-supereffective|p2b: Volcarona\n|-damage|p2a: Pelipper|0 fnt\n|-damage|p2b: Volcarona|0 fnt\n|faint|p2a: Pelipper\n|faint|p2b: Volcarona\n|\n|-weather|RainDance|[upkeep]\n|upkeep\n|\n|t:|1684089861\n|switch|p2b: Tauros|Tauros-Paldea-Combat, L50, M|100\/100\n|switch|p2a: Palafin|Palafin-Hero, L50, M|100\/100\n|-activate|p2a: Palafin|ability: Zero to Hero\n|-ability|p2b: Tauros|Intimidate|boost\n|-unboost|p1a: Chien-Pao|atk|1\n|-unboost|p1b: Hariyama|atk|1\n|turn|2\n|c|\u2606jerseyjared|Havent others played on smogtours?\n|c|\u2606DeltaWarrior4|We cant?\n|inactive|jerseyjared has 30 seconds left.\n|\n|t:|1684089888\n|switch|p1b: Lumineon|Lumineon, L50, F|100\/100\n|move|p1a: Chien-Pao|Protect|p1a: Chien-Pao\n|-singleturn|p1a: Chien-Pao|Protect\n|move|p2a: Palafin|Wave Crash|p1b: Lumineon\n|-ability|p1b: Lumineon|Storm Drain|boost\n|-boost|p1b: Lumineon|spa|1\n|move|p2b: Tauros|Body Press|p1a: Chien-Pao\n|-activate|p1a: Chien-Pao|move: Protect\n|\n|-weather|RainDance|[upkeep]\n|upkeep\n|turn|3\n|c|+Concept Everything|You\u2019re not supposed to, you\u2019re supposed to start all 3 games at the same time so sets don\u2019t get changed. Just remember for future games\n|inactive|jerseyjared has 30 seconds left.\n|inactive|DeltaWarrior4 has 30 seconds left.\n|inactive|jerseyjared has 20 seconds left.\n|inactive|jerseyjared has 15 seconds left.\n|\n|t:|1684089930\n|move|p2a: Palafin|Protect|p2a: Palafin\n|-singleturn|p2a: Palafin|Protect\n|move|p1a: Chien-Pao|Sucker Punch||[still]\n|-fail|p1a: Chien-Pao\n|move|p2b: Tauros|Body Press|p1a: Chien-Pao\n|-supereffective|p1a: Chien-Pao\n|-enditem|p1a: Chien-Pao|Focus Sash\n|-damage|p1a: Chien-Pao|1\/100\n|move|p1b: Lumineon|Icy Wind|p2b: Tauros|[spread] p2b\n|-activate|p2a: Palafin|move: Protect\n|-damage|p2b: Tauros|85\/100\n|-unboost|p2b: Tauros|spe|1\n|\n|-weather|RainDance|[upkeep]\n|upkeep\n|turn|4\n|c|\u2606DeltaWarrior4|alright thanks sorry\n|inactive|jerseyjared has 30 seconds left.\n|inactive|DeltaWarrior4 has 30 seconds left.\n|inactive|jerseyjared has 20 seconds left.\n|inactive|jerseyjared has 15 seconds left.\n|\n|t:|1684089971\n|move|p2a: Palafin|Protect||[still]\n|-fail|p2a: Palafin\n|move|p1a: Chien-Pao|Sucker Punch||[still]\n|-fail|p1a: Chien-Pao\n|move|p1b: Lumineon|Icy Wind|p2b: Tauros|[spread] p2a,p2b\n|-resisted|p2a: Palafin\n|-damage|p2a: Palafin|95\/100\n|-damage|p2b: Tauros|72\/100\n|-unboost|p2a: Palafin|spe|1\n|-unboost|p2b: Tauros|spe|1\n|move|p2b: Tauros|Body Press|p1a: Chien-Pao\n|-supereffective|p1a: Chien-Pao\n|-damage|p1a: Chien-Pao|0 fnt\n|faint|p1a: Chien-Pao\n|\n|-weather|RainDance|[upkeep]\n|upkeep\n|\n|t:|1684089989\n|switch|p1a: Hariyama|Hariyama, L50, F|100\/100\n|turn|5\n|\n|t:|1684090005\n|-terastallize|p1a: Hariyama|Grass\n|move|p1a: Hariyama|Fake Out|p2b: Tauros\n|-damage|p2b: Tauros|61\/100\n|move|p1b: Lumineon|Surf|p2b: Tauros|[spread] p1a,p2a,p2b\n|-resisted|p1a: Hariyama\n|-resisted|p2a: Palafin\n|-damage|p1a: Hariyama|87\/100\n|-damage|p2a: Palafin|74\/100\n|-damage|p2b: Tauros|8\/100\n|move|p2a: Palafin|Close Combat|p1b: Lumineon\n|-damage|p1b: Lumineon|40\/100\n|-unboost|p2a: Palafin|def|1\n|-unboost|p2a: Palafin|spd|1\n|cant|p2b: Tauros|flinch\n|\n|-weather|RainDance|[upkeep]\n|upkeep\n|turn|6\n|\n|t:|1684090028\n|-terastallize|p2a: Palafin|Fighting\n|move|p1b: Lumineon|Surf|p2a: Palafin|[spread] p1a,p2a,p2b\n|-resisted|p1a: Hariyama\n|-damage|p1a: Hariyama|74\/100\n|-damage|p2a: Palafin|9\/100\n|-damage|p2b: Tauros|0 fnt\n|faint|p2b: Tauros\n|move|p2a: Palafin|Close Combat|p1b: Lumineon\n|-damage|p1b: Lumineon|0 fnt\n|-unboost|p2a: Palafin|def|1\n|-unboost|p2a: Palafin|spd|1\n|faint|p1b: Lumineon\n|move|p1a: Hariyama|Rock Slide|p2a: Palafin\n|-resisted|p2a: Palafin\n|-damage|p2a: Palafin|0 fnt\n|faint|p2a: Palafin\n|\n|win|jerseyjared\n|c|\u2606jerseyjared|gg im going send you the other 2 hames through showdown\n|c|\u2606jerseyjared|games\n|c|\u2606DeltaWarrior4|alright sounds good\n","uploadtime":1684090029,"views":14,"p1id":"jerseyjared","p2id":"deltawarrior4","formatid":"gen9vgc2023regulationc","rating":0,"private":0,"password":""}