{"id":"smogtours-gen9vgc2023regulationc-688429","p1":"Bonomia","p2":"lagartolocura","format":"[Gen 9] VGC 2023 Regulation C","log":"|inactive|Battle timer is ON: inactive players will automatically lose when time's up.\n|t:|1681944859\n|gametype|doubles\n|player|p1|Bonomia|harlequin|\n|player|p2|lagartolocura|pokemaniac|\n|teamsize|p1|6\n|teamsize|p2|6\n|gen|9\n|tier|[Gen 9] VGC 2023 Regulation C\n|rule|Species Clause: Limit one of each Pok\u00e9mon\n|rule|Item Clause: Limit one of each item\n|clearpoke\n|poke|p1|Amoonguss, L50, M|\n|poke|p1|Flutter Mane, L50|\n|poke|p1|Ting-Lu, L50|\n|poke|p1|Arcanine, L50, F|\n|poke|p1|Dragonite, L50, F|\n|poke|p1|Iron Bundle, L50|\n|poke|p2|Chi-Yu, L50|\n|poke|p2|Flutter Mane, L50|\n|poke|p2|Chien-Pao, L50|\n|poke|p2|Dragonite, L50, M|\n|poke|p2|Great Tusk, L50|\n|poke|p2|Murkrow, L50, F|\n|teampreview|4\n|c|\u2606Bonomia|Olvid\u00e9 decir que sacases el time\n|c|\u2606Bonomia|Estoy en cama\n|c|\u2606lagartolocura|Ahh\n|c|\u2606Bonomia|xD\n|c|\u2606lagartolocura|S\u00ed, me pareci\u00f3 raro el timer\n|c|\u2606lagartolocura|Yo no lo puse\n|inactive|Bonomia has 60 seconds left.\n|c|\u2606lagartolocura|Creo que se pone solo\n|c|\u2606lagartolocura|S\u00ed, se pone solo\n|inactive|Bonomia has 30 seconds left.\n|inactive|Bonomia has 20 seconds left.\n|inactive|Bonomia has 15 seconds left.\n|\n|t:|1681944934\n|start\n|switch|p1a: Ting-Lu|Ting-Lu, L50|100\/100\n|switch|p1b: Amungus|Amoonguss, L50, M, shiny|100\/100\n|switch|p2a: Flutter Mane|Flutter Mane, L50|100\/100\n|switch|p2b: Murkrow|Murkrow, L50, F|100\/100\n|-ability|p1a: Ting-Lu|Vessel of Ruin\n|turn|1\n|inactive|lagartolocura has 30 seconds left.\n|\n|t:|1681944962\n|-end|p2a: Flutter Mane|Protosynthesis|[silent]\n|switch|p2a: Great Tusk|Great Tusk, L50|100\/100\n|move|p2b: Murkrow|Sunny Day|p2b: Murkrow\n|-weather|SunnyDay\n|-activate|p2a: Great Tusk|ability: Protosynthesis\n|-start|p2a: Great Tusk|protosynthesisatk\n|move|p1a: Ting-Lu|Heavy Slam|p2a: Great Tusk\n|-damage|p2a: Great Tusk|89\/100\n|move|p1b: Amungus|Spore|p2b: Murkrow\n|-status|p2b: Murkrow|slp|[from] move: Spore\n|\n|-weather|SunnyDay|[upkeep]\n|upkeep\n|turn|2\n|inactive|Bonomia has 30 seconds left.\n|inactive|lagartolocura has 30 seconds left.\n|inactive|Bonomia has 20 seconds left.\n|inactive|lagartolocura has 20 seconds left.\n|inactive|lagartolocura has 15 seconds left.\n|inactive|Bonomia has 15 seconds left.\n|inactive|lagartolocura has 10 seconds left.\n|inactive|Bonomia has 10 seconds left.\n|inactive|Bonomia has 5 seconds left.\n|\n|t:|1681945020\n|-terastallize|p2a: Great Tusk|Ground\n|-terastallize|p1a: Ting-Lu|Flying\n|move|p2a: Great Tusk|Headlong Rush|p1b: Amungus\n|-damage|p1b: Amungus|1\/100\n|-unboost|p2a: Great Tusk|def|1\n|-unboost|p2a: Great Tusk|spd|1\n|-damage|p2a: Great Tusk|73\/100|[from] item: Rocky Helmet|[of] p1b: Amungus\n|cant|p2b: Murkrow|slp\n|move|p1a: Ting-Lu|Rock Tomb|p2b: Murkrow\n|-supereffective|p2b: Murkrow\n|-damage|p2b: Murkrow|73\/100 slp\n|-unboost|p2b: Murkrow|spe|1\n|move|p1b: Amungus|Spore|p2a: Great Tusk\n|-status|p2a: Great Tusk|slp|[from] move: Spore\n|\n|-weather|SunnyDay|[upkeep]\n|upkeep\n|turn|3\n|inactive|Bonomia has 30 seconds left.\n|\n|t:|1681945045\n|switch|p1b: Arcanine|Arcanine, L50, F|100\/100\n|-ability|p1b: Arcanine|Intimidate|boost\n|-unboost|p2a: Great Tusk|atk|1\n|-unboost|p2b: Murkrow|atk|1\n|cant|p2b: Murkrow|slp\n|cant|p2a: Great Tusk|slp\n|move|p1a: Ting-Lu|Stomping Tantrum|p2a: Great Tusk\n|-damage|p2a: Great Tusk|40\/100 slp\n|\n|-weather|SunnyDay|[upkeep]\n|upkeep\n|turn|4\n|inactive|Bonomia has 30 seconds left.\n|inactive|Bonomia has 20 seconds left.\n|inactive|Bonomia has 15 seconds left.\n|inactive|Bonomia has 10 seconds left.\n|inactive|Bonomia has 5 seconds left.\n|\n|t:|1681945095\n|switch|p1b: Amungus|Amoonguss, L50, M, shiny|34\/100\n|-curestatus|p2b: Murkrow|slp|[msg]\n|move|p2b: Murkrow|Tailwind|p2b: Murkrow\n|-sidestart|p2: lagartolocura|move: Tailwind\n|-curestatus|p2a: Great Tusk|slp|[msg]\n|move|p2a: Great Tusk|Headlong Rush|p1b: Amungus\n|-damage|p1b: Amungus|0 fnt\n|-unboost|p2a: Great Tusk|def|1\n|-unboost|p2a: Great Tusk|spd|1\n|-damage|p2a: Great Tusk|24\/100|[from] item: Rocky Helmet|[of] p1b: Amungus\n|faint|p1b: Amungus\n|move|p1a: Ting-Lu|Stomping Tantrum|p2a: Great Tusk\n|-damage|p2a: Great Tusk|0 fnt\n|faint|p2a: Great Tusk\n|-end|p2a: Great Tusk|Protosynthesis|[silent]\n|\n|-weather|SunnyDay|[upkeep]\n|upkeep\n|\n|t:|1681945110\n|switch|p2a: Flutter Mane|Flutter Mane, L50|100\/100\n|switch|p1b: Arcanine|Arcanine, L50, F|100\/100\n|-activate|p2a: Flutter Mane|ability: Protosynthesis\n|-start|p2a: Flutter Mane|protosynthesisspa\n|-ability|p1b: Arcanine|Intimidate|boost\n|-unboost|p2a: Flutter Mane|atk|1\n|-unboost|p2b: Murkrow|atk|1\n|turn|5\n|inactive|lagartolocura has 30 seconds left.\n|inactive|lagartolocura has 20 seconds left.\n|\n|t:|1681945149\n|move|p1b: Arcanine|Protect|p1b: Arcanine\n|-singleturn|p1b: Arcanine|Protect\n|move|p2a: Flutter Mane|Moonblast|p1a: Ting-Lu\n|-damage|p1a: Ting-Lu|69\/100\n|move|p2b: Murkrow|Foul Play|p1a: Ting-Lu\n|-damage|p1a: Ting-Lu|52\/100\n|move|p1a: Ting-Lu|Heavy Slam|p2a: Flutter Mane\n|-supereffective|p2a: Flutter Mane\n|-damage|p2a: Flutter Mane|1\/100\n|\n|-weather|none\n|-end|p2a: Flutter Mane|Protosynthesis\n|upkeep\n|turn|6\n|inactive|Bonomia has 30 seconds left.\n|\n|t:|1681945182\n|move|p2a: Flutter Mane|Moonblast|p1a: Ting-Lu\n|-damage|p1a: Ting-Lu|27\/100\n|move|p1b: Arcanine|Flare Blitz|p2b: Murkrow\n|-damage|p2b: Murkrow|30\/100\n|-damage|p1b: Arcanine|88\/100|[from] Recoil\n|move|p2b: Murkrow|Foul Play|p1a: Ting-Lu\n|-crit|p1a: Ting-Lu\n|-damage|p1a: Ting-Lu|0 fnt\n|faint|p1a: Ting-Lu\n|\n|upkeep\n|\n|t:|1681945201\n|switch|p1a: Iron Bundle|Iron Bundle, L50|100\/100\n|turn|7\n|inactive|lagartolocura has 30 seconds left.\n|\n|t:|1681945226\n|switch|p2b: Chi-Yu|Chi-Yu, L50|100\/100\n|-ability|p2b: Chi-Yu|Beads of Ruin\n|move|p1a: Iron Bundle|Protect|p1a: Iron Bundle\n|-singleturn|p1a: Iron Bundle|Protect\n|move|p2a: Flutter Mane|Moonblast|p1b: Arcanine\n|-resisted|p1b: Arcanine\n|-damage|p1b: Arcanine|30\/100\n|move|p1b: Arcanine|Flare Blitz|p2b: Chi-Yu\n|-resisted|p2b: Chi-Yu\n|-damage|p2b: Chi-Yu|68\/100\n|-damage|p1b: Arcanine|22\/100|[from] Recoil\n|\n|-sideend|p2: lagartolocura|move: Tailwind\n|upkeep\n|turn|8\n|inactive|Bonomia has 30 seconds left.\n|inactive|Bonomia has 20 seconds left.\n|inactive|Bonomia has 15 seconds left.\n|inactive|Bonomia has 10 seconds left.\n|\n|t:|1681945275\n|move|p2b: Chi-Yu|Protect|p2b: Chi-Yu\n|-singleturn|p2b: Chi-Yu|Protect\n|move|p1a: Iron Bundle|Hydro Pump|p2b: Chi-Yu\n|-activate|p2b: Chi-Yu|move: Protect\n|move|p2a: Flutter Mane|Moonblast|p1a: Iron Bundle\n|-enditem|p1a: Iron Bundle|Focus Sash\n|-damage|p1a: Iron Bundle|1\/100\n|move|p1b: Arcanine|Flare Blitz|p2a: Flutter Mane\n|-damage|p2a: Flutter Mane|0 fnt\n|faint|p2a: Flutter Mane\n|-end|p2a: Flutter Mane|Protosynthesis|[silent]\n|-damage|p1b: Arcanine|22\/100|[from] Recoil\n|\n|upkeep\n|\n|t:|1681945282\n|switch|p2a: Murkrow|Murkrow, L50, F|30\/100\n|turn|9\n|\n|t:|1681945294\n|move|p2a: Murkrow|Tailwind|p2a: Murkrow\n|-sidestart|p2: lagartolocura|move: Tailwind\n|move|p2b: Chi-Yu|Heat Wave|p1a: Iron Bundle|[spread] p1a,p1b\n|-resisted|p1b: Arcanine\n|-damage|p1a: Iron Bundle|0 fnt\n|-damage|p1b: Arcanine|0 fnt\n|faint|p1a: Iron Bundle\n|-end|p1a: Iron Bundle|Quark Drive|[silent]\n|faint|p1b: Arcanine\n|-damage|p2b: Chi-Yu|58\/100|[from] item: Life Orb\n|\n|win|lagartolocura\n","uploadtime":1681945295,"views":5,"p1id":"bonomia","p2id":"lagartolocura","formatid":"gen9vgc2023regulationc","rating":0,"private":0,"password":""}