{"id":"smogtours-gen9vgc2023regulationc-692120","p1":"DiamondScyther","p2":"CbuttyVGC","format":"[Gen 9] VGC 2023 Regulation C","log":"|inactive|Battle timer is ON: inactive players will automatically lose when time's up.\n|t:|1683979335\n|gametype|doubles\n|player|p1|DiamondScyther|iris-gen5bw2|\n|player|p2|CbuttyVGC|acetrainer-gen4dp|\n|teamsize|p1|6\n|teamsize|p2|6\n|gen|9\n|tier|[Gen 9] VGC 2023 Regulation C\n|rule|Tera Type Preview: Tera Types are shown at Team Preview\n|rule|Species Clause: Limit one of each Pok\u00e9mon\n|rule|Item Clause: Limit one of each item\n|clearpoke\n|poke|p1|Azumarill, L50, M|\n|poke|p1|Baxcalibur, L50, M|\n|poke|p1|Vivillon, L50, M|\n|poke|p1|Arcanine, L50, F|\n|poke|p1|Hariyama, L50, M|\n|poke|p1|Foongus, L50, F|\n|poke|p2|Chien-Pao, L50|\n|poke|p2|Dragapult, L50, M|\n|poke|p2|Farigiraf, L50, F|\n|poke|p2|Venomoth, L50, F|\n|poke|p2|Azumarill, L50, F|\n|poke|p2|Bombirdier, L50, F|\n|teampreview|4\n|raw|DiamondScyther's Tera Types: \/ \/ \/ \/ \/ \n|raw|CbuttyVGC's Tera Types: \/ \/ \/ \/ \/ \n|inactive|DiamondScyther also wants the timer to be on.\n|inactive|CbuttyVGC also wants the timer to be on.\n|inactive|CbuttyVGC has 60 seconds left.\n|\n|t:|1683979374\n|start\n|switch|p1a: Baxcalibur|Baxcalibur, L50, M|100\/100\n|switch|p1b: Foongus|Foongus, L50, F|100\/100\n|switch|p2a: Chien-Pao|Chien-Pao, L50|100\/100\n|switch|p2b: Azumarill|Azumarill, L50, F|100\/100\n|-ability|p2a: Chien-Pao|Sword of Ruin\n|turn|1\n|\n|t:|1683979394\n|-terastallize|p1b: Foongus|Water\n|move|p1b: Foongus|Rage Powder|p1b: Foongus\n|-singleturn|p1b: Foongus|move: Rage Powder\n|move|p2a: Chien-Pao|Taunt|p1b: Foongus\n|-start|p1b: Foongus|move: Taunt\n|move|p1a: Baxcalibur|Dragon Dance|p1a: Baxcalibur\n|-boost|p1a: Baxcalibur|atk|1\n|-boost|p1a: Baxcalibur|spe|1\n|move|p2b: Azumarill|Play Rough|p1b: Foongus\n|-damage|p1b: Foongus|42\/100\n|\n|upkeep\n|turn|2\n|inactive|DiamondScyther has 30 seconds left.\n|inactive|DiamondScyther has 20 seconds left.\n|inactive|CbuttyVGC has 30 seconds left.\n|inactive|DiamondScyther has 15 seconds left.\n|inactive|DiamondScyther has 10 seconds left.\n|\n|t:|1683979441\n|switch|p2b: Venomoth|Venomoth, L50, F|100\/100\n|switch|p1b: Azumarill|Azumarill, L50, M|100\/100\n|move|p1a: Baxcalibur|Iron Head|p2a: Chien-Pao\n|-supereffective|p2a: Chien-Pao\n|-enditem|p2a: Chien-Pao|Focus Sash\n|-damage|p2a: Chien-Pao|1\/100\n|cant|p2a: Chien-Pao|flinch\n|\n|upkeep\n|turn|3\n|inactive|DiamondScyther has 30 seconds left.\n|inactive|CbuttyVGC has 30 seconds left.\n|inactive|CbuttyVGC has 20 seconds left.\n|inactive|CbuttyVGC has 15 seconds left.\n|inactive|CbuttyVGC has 10 seconds left.\n|\n|t:|1683979491\n|switch|p2a: Azumarill|Azumarill, L50, F|100\/100\n|-terastallize|p2b: Venomoth|Water\n|move|p1b: Azumarill|Aqua Jet|p2a: Azumarill\n|-resisted|p2a: Azumarill\n|-damage|p2a: Azumarill|86\/100\n|move|p1a: Baxcalibur|Glaive Rush|p2b: Venomoth\n|-damage|p2b: Venomoth|0 fnt\n|-singlemove|p1a: Baxcalibur|Glaive Rush|[silent]\n|faint|p2b: Venomoth\n|\n|upkeep\n|\n|t:|1683979506\n|switch|p2b: Dragapult|Dragapult, L50, M|100\/100\n|turn|4\n|\n|t:|1683979514\n|move|p1a: Baxcalibur|Protect|p1a: Baxcalibur\n|-singleturn|p1a: Baxcalibur|Protect\n|move|p2b: Dragapult|U-turn|p1b: Azumarill\n|-resisted|p1b: Azumarill\n|-damage|p1b: Azumarill|82\/100\n|\n|t:|1683979518\n|switch|p2b: Chien-Pao|Chien-Pao, L50|1\/100|[from] U-turn\n|-ability|p2b: Chien-Pao|Sword of Ruin\n|move|p2a: Azumarill|Play Rough|p1b: Azumarill\n|-damage|p1b: Azumarill|6\/100\n|move|p1b: Azumarill|Play Rough|p2b: Chien-Pao\n|-supereffective|p2b: Chien-Pao\n|-damage|p2b: Chien-Pao|0 fnt\n|faint|p2b: Chien-Pao\n|\n|upkeep\n|\n|t:|1683979526\n|switch|p2b: Dragapult|Dragapult, L50, M|100\/100\n|turn|5\n|\n|t:|1683979544\n|move|p2a: Azumarill|Aqua Jet|p1b: Azumarill\n|-resisted|p1b: Azumarill\n|-damage|p1b: Azumarill|0 fnt\n|faint|p1b: Azumarill\n|move|p1a: Baxcalibur|Glaive Rush|p2b: Dragapult\n|-supereffective|p2b: Dragapult\n|-damage|p2b: Dragapult|0 fnt\n|-singlemove|p1a: Baxcalibur|Glaive Rush|[silent]\n|faint|p2b: Dragapult\n|\n|upkeep\n|\n|t:|1683979552\n|switch|p1b: Foongus|Foongus, L50, F, tera:Water|75\/100\n|turn|6\n|\n|t:|1683979559\n|move|p1a: Baxcalibur|Protect|p1a: Baxcalibur\n|-singleturn|p1a: Baxcalibur|Protect\n|move|p1b: Foongus|Protect|p1b: Foongus\n|-singleturn|p1b: Foongus|Protect\n|move|p2a: Azumarill|Play Rough|p1a: Baxcalibur\n|-activate|p1a: Baxcalibur|move: Protect\n|\n|upkeep\n|turn|7\n|c|\u2606CbuttyVGC|Gg\n|\n|t:|1683979567\n|move|p1b: Foongus|Rage Powder|p1b: Foongus\n|-singleturn|p1b: Foongus|move: Rage Powder\n|move|p1a: Baxcalibur|Iron Head|p2a: Azumarill\n|-damage|p2a: Azumarill|37\/100\n|cant|p2a: Azumarill|flinch\n|\n|upkeep\n|turn|8\n|c|\u2606DiamondScyther|gg\n|c|\u2606CbuttyVGC|Okay these flinches are ridiculous \ud83d\ude2d\n|\n|t:|1683979582\n|move|p1b: Foongus|Rage Powder|p1b: Foongus\n|-singleturn|p1b: Foongus|move: Rage Powder\n|move|p1a: Baxcalibur|Iron Head|p2a: Azumarill\n|-damage|p2a: Azumarill|0 fnt\n|faint|p2a: Azumarill\n|\n|win|DiamondScyther\n|c|\u2606CbuttyVGC|Gg\n|c|\u2606DiamondScyther|definitely rough \n|c|\u2606DiamondScyther|gg\n","uploadtime":1683979583,"views":20,"p1id":"diamondscyther","p2id":"cbuttyvgc","formatid":"gen9vgc2023regulationc","rating":0,"private":0,"password":""}