{"id":"smogtours-gen9vgc2023regulationc-692055","p1":"DiamondScyther","p2":"snackard","format":"[Gen 9] VGC 2023 Regulation C","log":"|inactive|Battle timer is ON: inactive players will automatically lose when time's up.\n|t:|1683918776\n|gametype|doubles\n|player|p1|DiamondScyther|iris-gen5bw2|\n|player|p2|snackard|sailor|\n|teamsize|p1|6\n|teamsize|p2|6\n|gen|9\n|tier|[Gen 9] VGC 2023 Regulation C\n|rule|Tera Type Preview: Tera Types are shown at Team Preview\n|rule|Species Clause: Limit one of each Pok\u00e9mon\n|rule|Item Clause: Limit one of each item\n|clearpoke\n|poke|p1|Slaking, L50, F|\n|poke|p1|Grafaiai, L50, F|\n|poke|p1|Azumarill, L50, M|\n|poke|p1|Baxcalibur, L50, F|\n|poke|p1|Vivillon, L50, M|\n|poke|p1|Arcanine, L50, F|\n|poke|p2|Dragapult, L50, M|\n|poke|p2|Rotom-Wash, L50|\n|poke|p2|Amoonguss, L50, F|\n|poke|p2|Krookodile, L50, F|\n|poke|p2|Scizor, L50, F|\n|poke|p2|Sylveon, L50, M|\n|teampreview|4\n|raw|DiamondScyther's Tera Types: \/ \/ \/ \/ \/ \n|raw|snackard's Tera Types: \/ \/ \/ \/ \/ \n|inactive|DiamondScyther also wants the timer to be on.\n|c|\u2606snackard|gl!\n|c|\u2606DiamondScyther|gl hf!\n|inactive|DiamondScyther has 60 seconds left.\n|\n|t:|1683918816\n|start\n|switch|p1a: Vivillon|Vivillon, L50, M|100\/100\n|switch|p1b: Baxcalibur|Baxcalibur, L50, F|100\/100\n|switch|p2a: Rotom|Rotom-Wash, L50|100\/100\n|switch|p2b: Dragapult|Dragapult, L50, M|100\/100\n|turn|1\n|inactive|DiamondScyther has 30 seconds left.\n|\n|t:|1683918847\n|-terastallize|p2b: Dragapult|Steel\n|-terastallize|p1b: Baxcalibur|Steel\n|move|p2b: Dragapult|Tera Blast|p1b: Baxcalibur\n|-resisted|p1b: Baxcalibur\n|-damage|p1b: Baxcalibur|77\/100\n|move|p1a: Vivillon|Sleep Powder|p2a: Rotom|[miss]\n|-miss|p1a: Vivillon|p2a: Rotom\n|move|p1b: Baxcalibur|Dragon Dance|p1b: Baxcalibur\n|-boost|p1b: Baxcalibur|atk|1\n|-boost|p1b: Baxcalibur|spe|1\n|move|p2a: Rotom|Volt Switch|p1a: Vivillon\n|-supereffective|p1a: Vivillon\n|-damage|p1a: Vivillon|16\/100\n|\n|t:|1683918861\n|switch|p2a: Amoonguss|Amoonguss, L50, F|100\/100|[from] Volt Switch\n|\n|upkeep\n|turn|2\n|\n|t:|1683918881\n|switch|p2b: Krookodile|Krookodile, L50, F|100\/100\n|-ability|p2b: Krookodile|Intimidate|boost\n|-unboost|p1a: Vivillon|atk|1\n|-unboost|p1b: Baxcalibur|atk|1\n|switch|p1a: Arcanine|Arcanine, L50, F|100\/100\n|-ability|p1a: Arcanine|Intimidate|boost\n|-unboost|p2a: Amoonguss|atk|1\n|-unboost|p2b: Krookodile|atk|1\n|move|p1b: Baxcalibur|Icicle Crash|p2a: Amoonguss\n|-supereffective|p2a: Amoonguss\n|-damage|p2a: Amoonguss|16\/100\n|-enditem|p2a: Amoonguss|Sitrus Berry|[eat]\n|-heal|p2a: Amoonguss|41\/100|[from] item: Sitrus Berry\n|move|p2a: Amoonguss|Spore|p1b: Baxcalibur\n|-status|p1b: Baxcalibur|slp|[from] move: Spore\n|\n|upkeep\n|turn|3\n|\n|t:|1683918902\n|switch|p1b: Vivillon|Vivillon, L50, M|16\/100\n|move|p2a: Amoonguss|Rage Powder|p2a: Amoonguss\n|-singleturn|p2a: Amoonguss|move: Rage Powder\n|move|p1a: Arcanine|Will-O-Wisp|p2a: Amoonguss\n|-status|p2a: Amoonguss|brn\n|move|p2b: Krookodile|Earthquake|p1b: Vivillon|[spread] p2a,p1a\n|-immune|p1b: Vivillon\n|-supereffective|p1a: Arcanine\n|-damage|p2a: Amoonguss|22\/100 brn\n|-damage|p1a: Arcanine|48\/100\n|-enditem|p1a: Arcanine|Sitrus Berry|[eat]\n|-heal|p1a: Arcanine|73\/100|[from] item: Sitrus Berry\n|\n|-damage|p2a: Amoonguss|16\/100 brn|[from] brn\n|upkeep\n|turn|4\n|inactive|DiamondScyther has 30 seconds left.\n|inactive|DiamondScyther has 20 seconds left.\n|inactive|DiamondScyther has 15 seconds left.\n|inactive|DiamondScyther has 10 seconds left.\n|\n|t:|1683918951\n|move|p2a: Amoonguss|Rage Powder|p2a: Amoonguss\n|-singleturn|p2a: Amoonguss|move: Rage Powder\n|move|p1a: Arcanine|Will-O-Wisp|p2a: Amoonguss\n|-fail|p2a: Amoonguss|brn\n|move|p2b: Krookodile|Rock Slide|p1b: Vivillon|[spread] p1a,p1b\n|-supereffective|p1a: Arcanine\n|-crit|p1a: Arcanine\n|-supereffective|p1b: Vivillon\n|-damage|p1a: Arcanine|18\/100\n|-damage|p1b: Vivillon|0 fnt\n|faint|p1b: Vivillon\n|\n|-damage|p2a: Amoonguss|10\/100 brn|[from] brn\n|upkeep\n|\n|t:|1683918960\n|switch|p1b: Baxcalibur|Baxcalibur, L50, F, tera:Steel|77\/100 slp\n|turn|5\n|\n|t:|1683918966\n|cant|p1b: Baxcalibur|slp\n|move|p1a: Arcanine|Extreme Speed|p2a: Amoonguss\n|-damage|p2a: Amoonguss|0 fnt\n|faint|p2a: Amoonguss\n|move|p2b: Krookodile|Earthquake|p1a: Arcanine|[spread] p1a,p1b\n|-supereffective|p1a: Arcanine\n|-supereffective|p1b: Baxcalibur\n|-damage|p1a: Arcanine|0 fnt\n|-damage|p1b: Baxcalibur|33\/100 slp\n|faint|p1a: Arcanine\n|\n|upkeep\n|\n|t:|1683918976\n|switch|p1a: Azumarill|Azumarill, L50, M|100\/100\n|switch|p2a: Dragapult|Dragapult, L50, M, tera:Steel|100\/100\n|turn|6\n|\n|t:|1683918985\n|cant|p1b: Baxcalibur|slp\n|move|p2a: Dragapult|Tera Blast|p1a: Azumarill\n|-crit|p1a: Azumarill\n|-damage|p1a: Azumarill|15\/100\n|move|p2b: Krookodile|Earthquake|p1a: Azumarill|[spread] p2a,p1a,p1b\n|-supereffective|p2a: Dragapult\n|-supereffective|p1b: Baxcalibur\n|-damage|p2a: Dragapult|26\/100\n|-damage|p1a: Azumarill|0 fnt\n|-damage|p1b: Baxcalibur|0 fnt\n|faint|p1a: Azumarill\n|faint|p1b: Baxcalibur\n|\n|win|snackard\n|c|\u2606DiamondScyther|ggs\n|c|\u2606snackard|gg\n|c|\u2606snackard|Good luck rest of pool\n|c|\u2606DiamondScyther|u 2!\n|c|\u2606DiamondScyther|do we need to upload replays somewhere?\n|c|\u2606snackard|I think we throw it up on the Smogon page for VGC tour\n","uploadtime":1683918986,"views":9,"p1id":"diamondscyther","p2id":"snackard","formatid":"gen9vgc2023regulationc","rating":0,"private":0,"password":""}